2559 4060
1918 3869 68 16 Editor,
1992 3871 31 12 are
2029 3869 98 17 requested
2132 3869 19 13 to
2159 3869 21 15 be
2187 3869 99 15 addressed
2292 3869 19 15 to
2317 3869 38 14 this
2362 3869 62 14 Office.

1918 3904 74 17 Printed
2005 3905 36 16 and
2055 3904 99 20 published
2171 3906 55 20 et-ery
2241 3903 121 22 Wednesday'
2373 3905 36 16 and
2420 3905 89 21 Saturday

1938 3926 89 21 morning,
2042 3926 23 19 by
2084 3926 86 16 Samuel
2185 3926 30 17 He
2216 3931 58 14 vans,
2292 3928 19 15 at
2325 3926 33 16 the
2373 3926 55 16 Offibe
2445 3926 20 17 of
2476 3927 33 16 the

1939 3947 48 16 New
2001 3947 99 16 Zealand
2111 3947 94 17 Gazette
2217 3952 42 13 and
2272 3948 137 16 Wellington
2425 3947 85 17 Specta-

1938 3973 42 13 Ton,
1992 3967 159 21 Manners-street,
2159 3968 119 23 Wellington,
2290 3970 43 16 Foit
2346 3968 106 21 Nicholion,
2465 3968 45 17 New

1939 3988 85 18 Zealand.
2231 4005 3 2 .
2258 4005 2 1 ,

535 57 101 31 THE
654 56 110 32 NEW
782 57 229 31 ZEALAND
1029 57 228 31 GAZETTE
1274 57 101 31 AND
1394 55 331 33 WELLINGTON
1747 54 294 33 SPECTATOR.

1928 137 72 49 ON
2015 136 85 28 SALE,
2112 139 25 19 at
2144 137 39 22 the
2193 137 72 22 Office
2274 138 28 22 of
2309 137 44 23 this
2357 139 77 27 -Paper
2441 148 35 13 :—
2478 144 4 3 '

1976 183 3 4 .
2004 163 90 23 Double
2112 163 113 28 elephant,
2238 165 153 28 antiquarian,
2401 166 111 29 imperial;

1925 190 50 24 and.
1979 189 66 35 royal
2054 189 100 29 drawing
2164 198 76 20 paper,
2288 210 3 5 ,
2425 191 4 4 '

1951 216 73 22 Black
2032 217 53 21 lead
2093 218 88 27 pencils
2193 220 66 25 (very
2266 219 118 27 superior),

1952 243 141 28 Carpenters'
2104 243 63 28 ditto,
2178 257 3 4 •
2196 247 4 4 '
2229 258 12 11 

1951 269 91 28 Üblong
2052 270 90 32 clasped
2335 271 80 28 books,

1950 295 89 23 French
2050 299 87 26 tracing
2146 302 69 23 paper
2226 297 76 27 (black
2310 298 46 23 and
2366 299 85 28 tfhite),

1950 322 90 23 Ladies'
2050 323 45 23 and
2104 324 149 27 gentlemen's
2263 325 55 21 card
2332 322 70 31 cases,

1949 349 65 23 Ditto
2079 350 37 22 do.
2172 350 73 23 tinted
2254 351 46 22 and
2310 351 117 23 embossed
2436 351 73 30 cards,

1947 376 110 28 Foolscap
2067 377 45 22 and
2121 377 88 28 writing
2217 384 76 21 paper,
2303 379 88 22 various
2399 379 113 28 qualities.

1936 414 4 5 •
1948 403 97 28 Sponge,
2055 404 79 22 wafers
2142 404 26 22 in
2176 406 13 20 2
2199 410 35 17 oz.
2250 409 75 24 boxes,
2342 405 67 23 India
2419 406 90 28 rubber,

2013 430 152 29 pen-holders,
2176 438 54 21 very
2238 432 104 28 superior
2351 432 86 29 sealing
2452 440 57 21 wax,

1921 457 96 28 blotting
2026 464 76 21 paper,
2111 458 42 22 &c.
2163 458 40 22 kc.
2222 459 13 23 .'
2440 476 3 6 ,

2062 487 137 24 WHOLESALE
2219 492 42 15 iND
2274 492 93 16 RETAIL.

1919 545 223 31 WHOLESALE
2171 546 125 26 PRICES
2330 544 180 30 CURRENT;

1992 584 133 16 CORRECTED
2140 586 30 14 UP
2184 585 28 14 TO
2226 586 87 16 FRIDAY
2326 588 110 15 EVENING.

2037 610 2 8 1
2260 605 17 17 £
2299 610 16 12 b.
2340 607 17 16 d.
2412 607 17 17 £
2451 612 16 12 b.
2492 608 21 17 d;

1921 624 52 23 Ale
1979 633 7 14 :
2001 624 28 23 In
2039 624 77 28 bottle,
2130 624 115 28 perdoz..
2264 628 14 19 0
2292 628 26 20 11
2347 629 13 20 0
2378 642 18 7 ..
2415 631 14 19 0
2455 631 15 19 0
2497 631 15 19 0

2022 651 88 23 Elliot's
2116 659 40 21 per
2161 651 54 23 hhd.
2226 666 17 7 ..
2263 654 13 20 6
2304 650 14 25 6
2345 656 49 19 0..
2413 657 14 20 0
2454 657 14 20 0
2496 657 14 20 0

1921 678 99 23 Arrack
2029 686 5 14 :
2050 678 43 22 Per
2101 678 45 27 gal.
2156 679 24 22 in
2190 676 61 25 bond
2264 682 14 19 0
2306 681 12 20 1
2347 682 13 19 9
2378 696 5 5 .
2390 696 6 5 .
2414 684 13 20 0
2455 683 14 20 0
2496 687 15 19 0

1920 705 95 23 Bread:
2031 705 43 22 Per
2081 705 45 23 2lb.
2138 705 50 22 loaf
2266 708 14 20 0
2307 708 14 20 0
2347 707 14 22 7
2379 721 18 7 ..
2415 710 14 20 0
2455 711 14 19 0
2497 709 14 22 0

1919 732 75 23 Beef:
2009 732 79 28 Fresh,
2107 739 89 16 carcase
2210 740 42 20 per
2348 749 4 3 .
2377 752 2 7 ,

2036 759 26 25 lb
2262 762 13 19 0
2303 761 13 20 0
2332 762 26 21 10
2377 775 18 7 ..
2413 763 15 20 0
2455 762 11 21 1
2495 764 16 20 0

2029 786 53 27 Salt,
2093 793 40 21 per
2146 786 67 22 tierce
2228 801 5 6 .
2240 800 6 7 .
2266 787 12 22 7
2306 789 14 20 0
2347 789 13 20 0
2378 803 6 6 .
2391 802 5 6 .
2415 791 14 19 0
2456 790 14 20 0
2498 791 14 19 0

2028 812 44 23 Do.
2081 820 42 20 per
2135 812 74 23 barrel
2226 828 19 6 ..
2263 815 15 20 4
2292 816 28 20 10
2347 816 13 20 0
2377 829 19 6 ..
2414 812 22 25 0'
2455 817 14 19 0
2497 817 15 20 0

1919 840 96 23 Butter
2020 848 6 15 :
2042 840 66 26 Irish,
2118 847 40 21 per
2165 840 31 22 lb.
2227 855 6 6 .
2240 854 6 7 .
2266 842 12 21 0
2307 843 11 20 1
2347 843 13 20 9
2378 856 6 7 .
2391 856 5 6 .
2415 845 14 19 0
2455 843 15 20 2
2499 844 14 20 0

2041 866 70 23 Fresh
2265 870 13 20 0
2305 870 15 20 3
2347 870 13 20 0
2378 883 18 7 ..
2415 871 13 21 0
2455 871 15 19 0
2497 871 14 20 0

1919 894 99 22 Brandy
2024 901 5 15 :
2045 894 59 22 First
2110 894 92 27 quality,
2210 901 41 21 per
2271 911 2 5 ,

2068 920 77 28 gallon
2154 921 23 21 in
2189 920 60 23 bond
2264 923 13 20 0
2298 923 20 25 .6
2346 924 13 20 0
2377 937 5 6 .
2388 936 6 7 .
2413 925 14 19 0
2455 924 13 20 9
2497 925 14 20 0

1919 948 86 22 Brown
2026 948 86 22 Stout:
2136 955 41 21 per
2190 948 53 22 hhd.
2259 950 14 19 5
2288 950 28 20 10
2342 951 14 19 0
2373 963 19 7 ..
2413 952 13 19 0
2453 951 14 19 0
2495 952 14 20 0

1919 975 101 22 Cigars:
2031 974 102 28 Manilla,
2141 982 40 21 per
2187 976 61 26 1000,
2264 976 54 21 310
2346 977 49 20 0..
2413 977 14 21 4
2453 977 15 20 0
2495 979 15 19 0

2028 1002 97 22 Inferior
2262 1000 23 24 2'
2303 1004 15 20 0
2346 1005 12 19 0
2375 1017 7 6 .
2388 1017 6 6 .
2407 1005 20 22 ,0
2453 1005 14 19 0
2495 1005 15 21 0

2029 1029 136 27 Havannah,
2170 1029 76 27 perlb.
2262 1031 13 20 0
2290 1030 27 21 16
2344 1031 14 20 0
2375 1043 18 7 ..
2412 1032 14 20 0
2453 1031 14 21 0
2495 1032 15 20 0

2029 1055 125 23 Chinsurah
2158 1063 39 20 per
2203 1057 70 21 10001
2290 1057 26 21 15
2345 1058 13 20 0
2375 1071 19 6 ..
2412 1059 14 20 0
2453 1059 14 19 0
2494 1059 15 20 0

2027 1082 156 23 Alexandrian
2262 1085 11 19 1
2289 1085 28 20 10
2343 1085 14 21 0
2374 1097 19 7 ..
2412 1086 14 20 0
2452 1085 15 21 0
2495 1086 14 20 0

1919 1109 88 22 Coffee
2014 1117 6 13 :
2031 1109 64 28 Java,
2106 1117 40 20 per
2153 1110 24 22 lb
2262 1112 14 20 0
2303 1113 15 19 0
2344 1113 14 19 0
2375 1125 19 7 ..
2412 1113 14 20 0
2453 1113 14 19 0
2495 1113 22 25 0,

1920 1137 103 21 Cheese:
2039 1136 105 22 Cheshire
2262 1139 14 20 0
2304 1139 11 20 1
2344 1139 14 20 6
2375 1152 19 6 ..
2413 1141 14 19 0
2453 1139 14 20 0
2495 1141 15 19 0

2038 1164 54 21 Pine
2102 1164 75 27 Apple
2198 1171 45 14 ...;
2263 1166 13 20 0
2303 1167 15 19 0
2345 1167 13 19 0
2375 1179 19 6 ..
2413 1167 13 20 0
2454 1166 11 20 1
2495 1167 14 19 2

2037 1190 76 22 Dutch
2263 1193 13 19 0
2303 1194 15 20 0
2345 1193 13 20 9
2375 1206 19 7 ..
2413 1194 14 20 0
2455 1193 11 20 1
2495 1194 15 20 0

1920 1217 106 22 Candles
2033 1224 5 14 :
2045 1217 94 28 English
2147 1224 56 21 wax,
2209 1225 41 20 per

2063 1244 23 22 lb
2262 1246 14 20 0
2302 1246 16 20 3
2344 1246 14 20 6
2375 1259 19 7 ..
2413 1247 14 20 0
2454 1247 14 20 0
2496 1248 13 20 0

2050 1271 80 22 Mould
2262 1273 13 20 0
2302 1273 15 19 0
2346 1274 48 19 0..
2413 1275 14 19 0
2454 1274 14 20 0
2483 1274 25 20 11

2050 1298 56 28 Dips
2261 1300 14 20 0
2301 1301 15 20 0
2331 1300 25 20 10
2374 1313 19 7 ..
2412 1301 14 20 0
2453 1301 14 20 0
2494 1303 15 19 0

1919 1325 93 22 Flour:
2022 1325 131 27 lstquality.,
2164 1328 82 25 perton

2043 1352 31 22 of
2078 1354 55 20 2000
2142 1352 35 22 lbs
2245 1353 28 21 28
2300 1354 16 20 0
2343 1354 13 21 0
2373 1355 52 20 ..30
2452 1355 20 21 0-
2494 1356 14 20 0

2018 1379 112 22 2ndditto
2248 1380 27 20 25
2302 1382 16 19 0
2344 1382 13 19 0
2375 1394 18 7 ..
2412 1383 14 19 0
2452 1382 14 20 0
2494 1383 15 19 0

1919 1406 61 22 Gin:
2000 1405 55 23 Pale
2071 1407 24 21 in
2104 1406 61 22 bond
2260 1409 15 19 0
2302 1408 14 19 0
2344 1409 13 19 0
2374 1421 18 7 ..
2411 1409 14 20 0
2451 1409 15 19 2
2494 1409 13 19 0

1970 1433 61 27 Case,
2039 1435 15 19 4
2060 1433 37 27 gal
2105 1434 37 20 4-5
2151 1433 25 22 in
2186 1433 59 23 bond
2260 1435 11 20 1
2300 1436 16 20 4
2342 1436 49 20 0..
2410 1437 14 19 0
2452 1435 12 20 0
2494 1438 15 19 0

1919 1459 82 23 Hams:
2017 1460 129 27 Yorkshire,
2161 1460 85 28 perlb.
2262 1463 13 19 0
2302 1464 16 20 0
2344 1463 13 20 0
2374 1476 19 7 ..
2412 1464 13 19 0
2452 1464 14 20 0
2494 1464 14 20 9

1919 1487 115 22 Mustard
2042 1495 5 13 :
2062 1487 43 22 Per
2114 1487 72 22 dozen
2198 1489 76 21 ....1
2304 1490 12 20 1
2345 1491 81 19 0..0
2453 1490 14 21 0
2495 1492 15 19 0

1919 1514 115 22 Mutton:
2055 1515 93 21 Carcase
2158 1521 40 21 per
2206 1514 23 22 lb
2240 1531 6 5 .
2261 1517 15 19 0
2302 1517 15 20 0
2344 1517 13 19 9
2375 1530 18 7 ..
2412 1517 14 21 0
2453 1517 13 21 0
2481 1518 25 20 11

1918 1541 113 23 Muskets
2036 1549 6 13 :
2057 1541 94 22 Walnut
2156 1541 93 23 stocked
2262 1544 14 20 0
2302 1545 32 19 0-
2344 1544 13 20 0
2375 1557 18 7 ..
2412 1545 14 19 0
2441 1544 25 21 15
2495 1546 14 19 0

1919 1568 79 22 Milk:
2013 1569 44 21 Per
2062 1569 51 27 pint
2262 1571 14 19 0
2302 1572 16 19 0
2344 1570 14 20 4
2375 1584 18 7 ..
2413 1572 14 19 0
2453 1571 14 20 0
2494 1572 15 20 0

1919 1596 44 22 Oil
1971 1603 5 14 :
1991 1595 104 26 Linseed,
2105 1602 41 21 per
2154 1595 75 28 gallon
2240 1598 35 20 .0
2302 1597 13 21 5
2344 1598 13 20 0
2375 1612 5 6 .
2387 1611 6 7 .
2412 1599 14 19 0
2453 1597 13 22 7
2495 1600 15 19 0

1993 1622 283 29 Black,incask,pertonl7
2303 1626 16 19 0
2346 1625 12 20 0
2376 1638 18 7 ..
2413 1626 13 19 0
2453 1625 14 21 0
2494 1626 15 21 0

2030 1650 77 26 Sperm
2246 1651 26 21 75
2300 1652 13 19 0
2342 1651 12 20 0
2372 1665 19 7 ..
2410 1652 12 20 0
2452 1652 12 20 0
2493 1653 14 20 0

1918 1676 77 22 Pork:
2010 1677 76 27 Fresh,
2104 1684 89 14 carcase
2208 1685 40 20 per

2035 1703 24 22 lb
2260 1706 14 19 0
2302 1706 13 21 0
2342 1706 14 20 4
2373 1720 19 6 ..
2410 1707 14 20 0
2452 1707 14 20 0
2492 1706 15 21 5

1918 1730 65 22 Pork
1990 1738 6 14 :
2012 1731 65 27 Irish,
2087 1731 123 28 per-barrel
2222 1746 6 6 .
2236 1746 5 6 .
2260 1733 55 21 410
2344 1734 12 20 0
2373 1747 6 6 .
2387 1747 5 6 .
2410 1734 14 20 5
2452 1734 14 21 0
2494 1736 15 19 0

1918 1757 132 23 Potatoes:
2068 1759 58 21 New
2139 1759 108 27 Zealand,

2093 1792 42 20 per
2142 1789 40 18 ton
2195 1800 46 6 ....
2260 1786 13 19 0
2302 1788 13 20 0
2344 1788 12 19 0
2373 1801 6 6 .
2387 1800 5 8 .
2410 1788 14 21 8
2452 1789 14 20 0
2493 1789 15 20 0

1918 1812 94 22 Porter
2020 1819 6 15 :
2055 1812 103 28 Dunbar,
2168 1813 25 21 in
2200 1813 46 22 bot.

2085 1846 40 21 per
2135 1840 42 21 doz
2260 1842 13 19 0
2288 1842 25 20 11
2343 1842 81 21 0..0
2452 1843 14 20 0
2494 1844 15 19 0

2026 1865 86 28 Bryant
2121 1867 45 21 and
2176 1867 70 22 Davis
2260 1869 14 20 0
2288 1869 26 20 13
2342 1870 14 19 0
2373 1882 18 7 ..
2410 1870 15 19 0
2452 1870 13 20 0
2492 1870 15 20 0

1917 1892 98 23 Pickles
2027 1901 5 14 :
2062 1893 118 28 Assoi^ed,
2208 1901 40 21 per

2089 1921 57 25 doz.,
2172 1925 75 23 quarts
2263 1923 51 20 11
2345 1923 13 20 0
2375 1936 19 7 ..
2412 1924 15 20 0
2453 1924 14 20 0

1917 1947 73 22 Pitch
2002 1955 6 14 :
2041 1948 138 27 Stockholm,
2207 1956 41 20 per

2066 1974 72 22 barrel
2261 1977 13 19 0
2302 1978 20 22 0.
2344 1972 13 24 6
2373 1991 7 5 .
2387 1990 6 7 .
2410 1978 14 22 J.
2440 1976 26 22 15
2494 1978 15 21 0

1917 2000 93 22 Plank:
2038 2000 54 22 Port
2114 2000 132 28 Nicholson,
2412 2000 4 11 '

2064 2035 42 19 per
2114 2029 40 20 100
2163 2028 78 21 feet..
2260 2029 54 20 019
2342 2030 14 19 0
2373 2042 19 7 ..
2412 2030 11 20 1
2453 2031 11 20 1
2494 2032 14 20 0

1916 2055 70 20 Rice:
1999 2054 109 21 Common
2118 2061 40 19 per
2164 2058 49 17 cwt.
2224 2069 19 6 ..
2262 2057 14 19 0
2303 2058 13 18 0
2344 2057 14 19 0
2375 2069 19 7 ..
2412 2058 14 19 0
2453 2058 14 19 0
2495 2058 14 20 0

1973 2089 3 6 -
1999 2080 65 22 Good
2260 2083 14 20 0
2301 2084 14 19 0
2343 2084 14 20 0
2373 2097 20 6 ..
2411 2085 14 19 0
2452 2085 14 20 0
2494 2086 15 19 0

1916 2106 56 23 Rum
1979 2115 5 14 :
2001 2107 25 22 P.
2037 2108 25 20 B.
2074 2106 33 27 P.,
2122 2115 41 19 per
2171 2108 76 27 gallon

2038 2134 24 21 in
2076 2134 62 22 bond
2260 2137 14 19 0
2301 2137 15 20 4
2344 2136 13 20 0
2374 2151 19 6 ..
2412 2138 15 20 0
2453 2138 14 21 6
2495 2140 15 19 0

1917 2160 88 23 Sugar:
2020 2161 120 22 Mauritius
2150 2169 41 21 per
2198 2166 48 19 cwt.
2261 2164 14 20 0
2302 2165 14 20 0
2344 2165 14 20 0
2374 2178 19 7 ..
2412 2166 14 19 0
2453 2166 14 19 0
2495 2167 15 19 O

2026 2188 81 22 Brown
2262 2191 11 20 1
2289 2192 25 21 17
2344 2192 14 21 0
2373 2205 20 7 ..
2411 2193 15 20 0
2451 2193 15 20 0
2494 2194 15 19 0

2027 2216 96 22 Refined
2138 2216 54 28 loaf,
2208 2225 40 19 per

2051 2242 23 22 lb
2260 2246 15 19 0
2302 2246 14 20 0
2344 2244 14 23 7
2373 2259 20 6 ..
2412 2247 14 20 0
2453 2246 14 21 0
2495 2247 15 21 0

2026 2270 97 22 Manilla
2259 2273 15 20 0
2301 2273 13 20 0
2342 2273 15 20 0
2373 2286 20 7 ..
2410 2273 14 20 2
2453 2273 13 20 0
2495 2275 22 20 0.

1918 2296 59 23 Salt
1985 2304 5 14 :
2006 2296 126 29 Liverpool,
2142 2305 42 20 per
2193 2301 40 19 torr
2240 2299 34 21 .3
2301 2300 14 20 0
2342 2300 15 20 0
2373 2313 6 7 .
2386 2313 7 7 .
2410 2301 16 19 4
2452 2302 14 20 0
2494 2303 15 19 0

1918 2324 59 22 Soap
1986 2331 5 14 :
2018 2324 103 23 liawes's
2142 2325 104 27 London,

2043 2355 86 23 perton
2245 2353 29 21 40
2300 2354 14 20 0
2342 2354 15 20 0
2373 2354 52 20 ..42
2453 2356 14 20 0
2494 2355 25 22 0'

2035 2377 119 29 Liverpool
2245 2381 29 20 36
2300 2382 15 20 0
2342 2382 15 20 0
2372 2395 21 6 ..
2410 2383 14 19 0
2452 2382 12 20 0
2494 2385 15 19 0

1918 2405 91 22 Starch
2016 2413 5 14 :
2036 2405 43 22 Per
2088 2406 23 21 lb
2260 2407 15 21 0
2302 2409 14 20 0
2344 2409 14 19 9
2374 2422 6 6 .
2387 2422 7 6 .
2412 2410 14 20 0
2454 2411 12 20 1
2495 2412 16 20 O

1918 2433 129 21 Scantling
2055 2440 5 13 :
2076 2432 44 22 Per
2126 2434 40 21 100
2175 2434 54 22 feet.
2236 2435 40 20 .0
2290 2434 26 22 17
2344 2436 14 20 0
2374 2449 6 6 .
2387 2449 7 7 .
2412 2437 55 21 018
2495 2439 16 20 0

1918 2460 126 22 Shingles:
2060 2460 44 22 Per
2111 2461 61 27 1000,
2180 2461 65 22 N.Z.
2260 2462 12 20 1
2301 2462 14 22 7
2342 2464 15 20 0
2373 2456 53 28 ..'O
2452 2465 15 21 0
2493 2466 16 20 0

2046 2487 71 27 Ditto,
2139 2487 29 22 V.
2179 2487 29 23 D.
2218 2488 27 22 L.
2259 2489 15 20 2
2300 2490 14 20 5
2343 2491 36 19 0.
2386 2504 7 6 .
2411 2491 15 20 0
2452 2493 14 19 0
2494 2493 15 20 0

1918 2514 62 22 Tar:
1996 2514 53 22 Coal
2260 2517 12 20 1
2300 2517 14 20 5
2344 2518 14 20 0
2374 2531 20 7 ..
2412 2519 15 19 0
2454 2520 14 20 0
2495 2521 16 19 O

1999 2541 129 23 Stockholm
2261 2544 15 20 2
2302 2545 14 19 5
2344 2545 83 21 0..0
2453 2547 15 20 0
2495 2548 16 19 0

1918 2568 62 22 Tea:
1998 2568 88 28 Hyson,
2095 2576 41 21 per
2146 2569 98 25 chest,..
2262 2572 14 20 0
2303 2573 14 20 0
2345 2572 14 20 0
2375 2573 52 20 ..12
2441 2573 30 26 12,
2496 2575 16 20 0

1917 2595 105 23 Tobacco
2030 2604 5 14 :
2048 2595 145 29 Negrohead,
2208 2604 42 21 per
2259 2609 3 2 •
2473 2602 3 8 '
2513 2594 7 19 {

2073 2623 26 23 lb
2263 2625 15 21 0
2305 2626 53 20 11
2376 2639 20 7 ..
2414 2627 15 20 0
2456 2627 13 19 0
2498 2629 16 20 O

1917 2649 163 23 Turpentine:
2096 2651 147 27 Pergallon..
2262 2653 14 19 0
2303 2654 14 20 8
2345 2654 15 19 0
2375 2667 21 6 ..
2413 2654 15 20 0
2454 2656 15 19 0
2495 2656 23 25 O,

1918 2676 161 23 Whalebone:
2095 2677 45 23 Per
2147 2682 96 18 t0n....
2249 2679 26 21 95
2303 2681 14 19 0
2345 2681 15 19 0
2376 2693 19 7 ..
2413 2681 15 20 0
2454 2683 14 20 0
2495 2684 17 19 O

1919 2703 84 23 Wine:
2017 2704 89 28 Sherry,
2116 2712 40 20 per
2164 2705 80 28 pipe..
2250 2707 27 20 28
2304 2708 14 20 0
2346 2708 14 20 0
2377 2708 52 20 ..40
2455 2710 14 20 0
2497 2710 16 21 0

2025 2731 73 28 Ditto,
2167 2733 81 21 dozen.
2259 2734 15 20 1
2302 2735 16 20 4
2345 2735 14 20 0
2375 2748 6 6 .
2389 2748 6 6 .
2411 2735 16 20 -2
2455 2738 16 19 0
2496 2738 16 20 0

1919 2785 120 23 Poultry:
2054 2786 81 27 Fowls,
2142 2794 41 20 per
2189 2787 49 28 pair
2243 2803 6 6 .
2263 2788 15 20 0
2305 2788 13 21 8
2347 2789 14 20 0
2377 2802 20 7 ..
2415 2790 14 19 0
2443 2790 27 21 16
2498 2792 15 20 0

2052 2813 87 28 Ducks,
2149 2814 57 21 ditto
2225 2829 6 6 .
2238 2829 6 6 .
2263 2815 11 20 1
2304 2816 14 20 0
2346 2816 14 21 0
2377 2829 5 6 .
2389 2830 7 5 .
2414 2816 13 21 1
2443 2818 27 20 10
2497 2819 16 20 0

2055 2841 80 27 Geese,
2146 2841 57 22 ditto
2225 2856 6 6 .
2238 2856 7 6 .
2262 2842 15 20 2
2304 2844 15 19 0
2346 2844 14 20 0
2377 2856 5 7 .
2389 2857 7 6 .
2414 2844 15 20 0
2455 2846 15 19 0
2497 2847 16 20 0

2053 2868 103 27 Turkeys
2226 2884 5 5 .
2239 2884 6 5 .
2262 2870 16 20 2
2304 2871 14 20 0
2346 2871 14 20 0
2377 2884 5 6 .
2389 2884 7 7 .
2415 2872 14 20 0
2456 2873 15 20 0
2497 2874 17 19 O

2053 2895 105 28 Pigeons,
2168 2895 79 28 (wild,)

2079 2929 42 21 per
2130 2923 49 27 pair
2226 2938 5 5 .
2239 2938 6 6 .
2263 2924 15 20 0
2304 2924 14 21 2
2347 2925 35 20 0.
2390 2938 6 7 .
2415 2926 14 21 0
2455 2927 16 21 0
2497 2928 17 20 0

2038 2947 100 30 *Ducks,
2147 2950 36 22 do.
2194 2950 37 22 do.
2240 2965 5 6 .
2263 2952 15 20 0
2304 2952 14 20 5
2347 2953 14 19 0
2377 2966 20 6 ..
2415 2954 14 19 0
2457 2954 56 21 0.0

1918 2976 63 23 Eggs
1988 2983 6 15 :
2008 2976 43 23 Per
2060 2976 75 23 dozen
2264 2979 15 20 0
2305 2979 15 21 2
2347 2980 14 20 6
2378 2993 20 7 ..
2414 2981 17 20 0
2456 2982 15 20 0
2497 2982 17 20 0

1919 3030 162 23 CowsrMilch
2250 3034 28 20 20
2304 3034 15 21 0
2346 3034 15 21 0
2377 3034 52 22 ..30
2455 3036 14 20 0
2497 3036 15 20 0

1919 3058 94 21 Mares:
2029 3058 76 22 Brood
2248 3061 29 21 50
2304 3062 13 20 0
2346 3062 123 22 0..90.0
2497 3063 15 21 0

1919 3081 124 26 Working'
2048 3085 136 25 Bullocks.:
2205 3086 46 23 Per
2263 3090 4 4 '

1944 3112 50 27 pair
2226 3115 53 21 ..40
2305 3116 14 20 0
2347 3116 14 20 0
2377 3116 52 20 ..60
2456 3117 56 21 00

1918 3138 65 23 Hire
1989 3143 3 11 !
1993 3146 26 15 of
2029 3147 68 14 ditto
2104 3148 7 14 :
2120 3140 50 22 -Per
2177 3140 50 29 day,
2236 3149 15 14 a
2283 3144 3 5 '

1944 3169 60 19 team
2013 3166 47 23 and
2067 3167 74 22 driver
2264 3169 9 21 llvov
2273 3169 2 21 0l
2288 3189 5 5 v
2298 3189 34 5 0
2346 3170 14 20 0
2377 3173 19 16 .'.
2413 3170 15 20 2
2455 3171 57 22 0.0

1918 3192 74 23 Sheep
1999 3201 6 14 :
2020 3194 73 22 Each:
2262 3197 54 20 012
2344 3197 15 19 0
2375 3209 5 7 .
2387 3209 7 7 .
2413 3197 55 21 018
2496 3199 16 20 0

1917 3220 65 23 Boat
1992 3220 72 23 Hire:
2079 3222 45 22 Per
2130 3222 50 28 day,
2186 3223 64 21 with-

2107 3253 41 18 out
2157 3249 72 22 hands
2240 3265 5 6 .
2260 3251 14 19 0
2290 3250 26 21 10
2344 3251 50 20 0,.
2413 3251 10 20 1
2453 3253 15 20 0
2491 3253 29 20 <)■

1917 3301 86 23 Wages
2010 3310 5 14 :
2043 3302 141 29 Mechanics,
2210 3310 40 21 per

2067 3329 109 23 week..:
2262 3331 14 20 2
2291 3329 28 23 14
2345 3332 15 20 0
2376 3345 19 7 ..
2410 3333 18 20 3
2455 3334 14 20 6
2496 3335 16 20 0

2053 3357 127 22 Labourers
2262 3359 11 19 1
2291 3359 27 21 10
2345 3359 14 21 0
2375 3373 19 6 ..
2413 3360 12 20 1
2442 3361 26 21 16
2496 3363 17 19 O

1937 3410 40 17 The
1987 3410 48 17 New
2046 3411 100 16 Zealand
2156 3411 93 16 Gazette
2255 3411 38 16 and
2303 3411 137 18 Wjeimngton

1917 3435 64 13 TAToa
1987 3431 14 17 is
2008 3430 97 23 published
2113 3436 53 16 every
2173 3431 114 22 Wednesday
2297 3432 38 17 and
2346 3433 95 22 Saturday.
2460 3435 59 17 Bub-

1915 3452 62 21 joined
1983 3456 30 13 are
2020 3453 35 16 tha
2059 3453 64 16 terms:
2125 3461 23 4 —
2427 3463 4 7 ,

1938 3473 61 17 Price
2038 3478 41 12 the
2086 3474 75 16 Papeh.
2161 3481 23 5 —
2184 3473 54 21 Forty
2244 3473 85 22 shillings
2336 3479 33 16 per
2377 3479 78 18 annum,
2465 3481 47 17 pay-

1917 3494 40 17 able
1963 3495 19 15 in
1989 3495 80 17 advance
2074 3500 4 15 ;
2089 3498 62 14 orone
2157 3494 77 22 shilling
2239 3495 28 17 for
2274 3495 61 21 single
2340 3497 93 17 numbers.

1937 3523 189 16 Advertisements.
2126 3530 22 3 —
2149 3522 32 17 Six
2191 3522 46 17 lines
2248 3523 38 16 and
2295 3523 66 20 under,
2372 3524 64 18 3s.'6d.
2442 3525 28 17 for
2476 3525 33 18 the

1916 3543 40 16 first
1964 3542 96 21 insertion,
2071 3543 37 17 and
2119 3547 34 12 one
2164 3542 76 22 shilling
2246 3544 28 16 for
2280 3544 46 17 each
2332 3545 113 21 subsequent
2450 3547 61 16 inser-

1917 3564 39 16 tion
1961 3569 4 14 ;
1975 3564 48 17 from
2029 3564 30 17 six
2066 3566 19 15 to
2092 3566 30 15 ten
2130 3564 54 20 lines,
2191 3564 35 17 five
2234 3564 86 22 shillings
2330 3566 30 16 Sot
2370 3566 31 17 the
2412 3567 46 20 first,
2469 3568 38 16 and

1917 3589 34 13 one
1962 3584 74 22 shilling
2046 3585 37 17 and
2094 3585 86 21 sixpence
2190 3585 29 17 for
2229 3586 45 17 each
2285 3587 113 21 subsequent
2407 3587 101 21 insertion;

1917 3607 56 15 above
1982 3608 31 15 ten
2024 3607 54 18 lines,
2088 3606 36 17 five
2135 3606 85 21 shillings
2231 3607 28 17 for
2269 3606 31 18 ths
2311 3608 41 16 first
2363 3610 31 15 ten
2405 3608 54 21 lines,
2466 3610 42 16 'and

1916 3627 97 21 fourpence
2019 3632 32 16 per
2057 3627 38 17 line
2102 3628 27 16 for
2135 3627 33 17 the
2175 3631 63 13 excess
2246 3628 20 16 of
2273 3629 42 16 that
2321 3629 79 18 number
2404 3635 4 15 ;
2419 3630 38 18 arid
2463 3632 46 16 two-

1917 3652 56 17 pence
1978 3653 33 16 per
2016 3649 39 16 line
2060 3649 28 16 for
2095 3648 45 17 each
2147 3649 113 21 subsequent
2265 3648 97 19 insertion.

1938 3676 155 17 Advertisements
2099 3675 78 18 vrillnot
2183 3680 66 17 appear
2258 3677 22 16 in
2289 3677 33 18 the
2332 3678 80 22 ensuing
2417 3679 90 20 'number,

1917 3697 16 17 if
1941 3697 83 17 received
2030 3698 46 16 later
2081 3697 47 17 than
2139 3698 21 16 10
2166 3697 74 20 o'clock,
2248 3703 50 15 a.m.,
2305 3704 23 12 on
2337 3700 31 16 the
2375 3700 92 21 mornings
2476 3701 32 16 be-

1917 3719 37 16 fore
1967 3718 118 21 pnblication.
2107 3718 159 18 Advertisements
2280 3720 39 17 will
2328 3721 23 16 be
2362 3721 99 17 continued
2469 3721 38 17 and

1918 3740 76 19 charged
2003 3739 50 17 until
2062 3740 167 20 counter-ordered;
2240 3741 48 16 such
2294 3741 53 17 order
2353 3744 51 15 must
2410 3742 23 17 be
2440 3744 41 15 sent
2487 3744 20 15 to

1918 3761 31 16 the
1958 3761 54 16 Office
2024 3762 36 16 two
2079 3761 44 21 days
2142 3761 61 16 before
2214 3762 119 20 publication,
2345 3763 98 17 and-must
2452 3764 22 16 be
2485 3763 22 16 in
2516 3767 3 4 -

1918 3781 77 21 writing.
2019 3782 158 16 Advertisements
2191 3783 81 17 received
2291 3784 62 21 after.
2362 3784 21 17 10
2397 3783 70 17 o'clock
2482 3788 25 13 on

1918 3802 81 21 Tuesday
2012 3803 38 16 and
2060 3803 66 20 Friday
2137 3803 94 22 mornings
2242 3804 39 17 will
2292 3805 22 17 be
2325 3804 79 21 charged
2413 3805 54 17 twice
2475 3804 33 18 the

1918 3823 52 16 usual
1975 3825 54 15 rates.

1938 3844 30 16 All
1974 3845 67 15 orders,
2052 3844 159 16 advertisements,
2222 3846 37 14 and
2269 3845 166 15 communications
2446 3846 25 14 to'
2476 3844 33 16 the

1406 150 4 5 >
1425 148 4 4 ■
1474 141 68 22 P.ort
1556 139 31 21 of
1604 139 134 21 London.-

1356 175 88 21 Notice
1464 181 29 15 to
1512 181 46 17 the
1580 174 93 21 Public.
1674 183 29 5 —
1703 172 126 22 Travellers

1303 201 74 23 others
1387 201 50 22 who
1446 201 174 27 send'baggage,
1631 200 71 21 works
1712 200 26 21 of
1749 203 42 23 art,
1799 206 24 15 or
1831 199 64 22 other

1302 228 65 22 value
1377 231 107 25 property
1493 231 23 18 to
1525 226 113 28 England,
1657 226 80 22 should
1751 226 95 27 consign
1857 226 43 22 the.

1302 255 110 28 packages
1422 259 22 17 to
1456 254 37 22 the
1505 261 50 15 care
1561 254 26 21 of
1594 261 14 14 a
1614 252 99 23 licensed
1721 253 172 22 Custom-house

1302 285 74 24 agent,
1392 288 25 15 as
1434 281 88 22 articles
1538 288 37 14 are
1591 280 129 28 frequently
1733 279 97 28 injured,
1849 279 45 22 and

1297 308 107 22 'needless
1413 312 100 23 expense'
1526 307 113 27 incurred;
1657 307 34 21 for
1705 307 39 21 the
1759 309 61 19 want
1836 307 28 21 of
1881 314 13 13 a

1302 342 80 21 proper
1391 342 81 20 person
1484 338 23 18 to
1517 334 53 22 take
1579 334 83 27 charge
1671 334 26 21 of
1711 334 69 21 them'
1789 341 29 14 on
1834 333 67 22 their^

1302 362 88 25 arrival,
1401 362 44 21 and
1455 368 38 15 see
1508 362 68 21 them'
1587 360 99 27 entered,
1704 360 126 27 examined,
1848 360 45 22 and

1302 388 108 27 carefully
1424 388 119 28 repacked.
1578 388 60 22 The,-
1646 387 81 27 charge
1742 387 20 22 is
1777 387 38 22 the
1831 393 61 16 same

1302 415 99 22 whether
1410 422 25 14 so
1445 414 124 28 consigned
1578 421 26 15 or
1614 414 62 24 not.'!

1352 441 172 23 Custom-house
1535 441 120 27 Chamber,
1665 436 103 32 London,

1312 473 73 19 „.-:-«
1723 482 3 5 -
1797 466 2 9 '

1302 495 141 49 DEVOY
1453 495 45 21 and
1509 495 12 27 C
1521 495 48 27 0.,.
1577 495 46 21 who
1637 501 37 15 are
1690 496 35 20 the

1382 523 127 20 AGENTS
1517 522 28 25 of
1553 523 48 20 Her
1607 523 111 26 Majesty's
1727 523 166 21 Commissioners

1293 569 1 10 ]
1301 549 27 26 of
1340 550 101 24 Customs,
1450 550 44 20 and
1507 549 66 21 under
1583 549 65 27 heavy
1656 549 61 22 bonds
1726 550 42 25 for
1777 551 42 19 the'
1822 549 70 27 safety

1301 577 28 25 of
1330 579 107 24 .property
1453 577 111 26 consigned
1579 579 20 19 to
1616 579 63 24 them,
1698 577 44 28 beg
1751 582 3 7 '
1760 577 64 22 those
1842 577 50 21 who

1301 604 56 22 send
1365 604 112 27 packages
1487 608 23 18 to
1519 603 59 23 their
1588 611 58 20 care,
1662 609 23 18 to
1694 612 37 14 see
1740 603 51 23 that
1800 603 60 23 each-
1864 604 28 22 be

1301 630 114 28 distinctly
1434 631 103 25 marked,-
1575 631 83 22 Devoy
1676 631 45 22 and
1740 631 48 27 Co.,
1808 630 84 23 Lower

1300 656 202 29 Thames-street,
1644 658 45 22 and
1693 658 37 22 the
1736 658 40 22 bill
1784 658 26 22 of
1815 657 78 28 lading

1300 691 26 15 or
1339 685 85 27 receipt
1437 684 126 22 forwarded
1582 688 23 18 to
1624 685 62 22 them
1703 685 70 22 direct
1786 685 33 27 by
1832 688 58 24 post,

1300 711 54 22 with
1363 711 145 23 instructions
1518 711 49 22 how
1578 711 56 23 such
1643 711 69 28 goods
1721 719 38 15 are
1770 715 23 19 to
1805 713 28 21 be
1848 711 44 23 dis-

1300 738 69 26 posed
1378 739 27 21 of
1416 746 30 14 on
1455 738 79 22 arrival
1544 746 10 19 ;•
1566 738 45 22 and
1618 746 25 14 as
1651 746 66 19 every
1724 739 100 27 package
1831 742 61 18 must

1300 765 28 22 be
1345 765 87 28 opened
1453 769 24 17 at
1495 765 37 22 the
1550 764 180 27 Custom-house,
1749 765 21 22 if
1791 772 44 21 any
1854 772 38 15 are

1300 791 86 28 locked,
1397 792 39 22 the
1445 792 56 27 keys
1511 791 80 23 should
1600 792 29 22 be
1639 792 131 22 forwarded.

1330 819 76 22 Goods
1415 819 46 22 and
1470 820 111 27 packages
1590 826 38 15 are
1638 819 123 22 forwarded
1770 819 31 27 by
1811 819 81 26 Devoy

1300 845 45 23 and
1356 846 38 22 Co.
1404 849 23 19 to
1437 846 32 22 all
1483 849 60 24 parts
1557 846 26 22 of
1595 846 39 22 the
1651 845 127 28 Continent,
1791 845 36 22 the
1838 846 55 22 East

1300 873 45 21 and
1355 873 63 21 West
1425 873 84 26 Indies,
1519 873 111 27 Colonies,
1642 873 39 22 &c.
1693 873 40 22 &c.
1743 880 6 19 ;
1761 872 51 27 and,
1823 872 22 22 if
1857 880 35 15 re-

1300 899 84 28 quired,
1396 903 52 19 sent
1462 903 22 18 to
1495 901 36 21 the
1545 908 50 14 care
1610 900 28 22 of
1648 899 137 28 responsible
1801 899 89 27 houses,

1300 926 49 22 who
1364 926 46 22 will
1425 934 37 15 see
1479 927 38 22 the
1533 927 146 22 instructions
1695 930 50 19 sent
1759 926 54 22 with
1829 926 63 22 them

1299 953 133 28 punctually
1441 953 108 23 attended
1559 957 30 19 to.

1327 981 39 21 All
1374 981 71 27 goods
1454 981 46 21 and
1509 981 111 28 packages
1628 981 37 21 for
1674 980 113 28 shipment
1793 983 62 19 must
1862 980 30 22 be

1299 1007 161 28 accompanied
1469 1008 31 27 by
1516 1008 87 22 written
1618 1007 152 31 instructions,
1781 1007 54 23 with
1853 1007 38 21 the

1298 1041 67 15 name
1374 1034 46 22 and
1429 1034 91 22 address
1530 1035 27 21 of
1568 1035 38 21 the
1617 1035 82 26 parties
1707 1034 30 28 by
1748 1034 73 22 whom
1836 1033 56 35 they

1298 1068 39 15 are
1350 1064 56 25 sent,
1423 1061 46 22 and
1484 1061 39 22 the
1537 1064 104 19 contents
1654 1061 45 22 and
1713 1061 67 22 value
1797 1061 26 22 of
1836 1061 56 22 each

1298 1087 99 28 package
1408 1088 79 22 stated.
1516 1088 48 22 The
1580 1089 56 26 duty
1645 1089 110 21 outwards
1768 1088 21 22 is
1799 1089 43 21 10*.
1851 1095 41 20 per

1298 1115 61 22 £100
1373 1115 84 22 value.'
1485 1115 48 22 The
1550 1119 48 18 rate
1614 1115 27 22 of
1654 1116 118 21 insurance
1791 1115 101 27 depends

1297 1149 62 20 upon
1369 1142 183 22 circumstances.
1582 1143 44 21 For
1643 1142 85 22 further
1744 1141 147 23 information

1297 1169 67 27 apply
1389 1172 23 19 to
1436 1169 45 22 Mr.
1502 1169 93 22 Samuel
1622 1169 99 28 Revans,
1742 1169 148 27 Wellington,

1297 1196 54 21 Port
1361 1195 134 23 Nicholson.

1474 1240 127 21 Juvenile
1611 1240 101 21 Books.

1304 1275 87 22 TUST
1400 1275 134 27 OPENED,
1546 1275 45 21 and
1602 1281 29 15 on
1642 1274 45 22 sale
1697 1277 22 19 at
1735 1273 38 23 the
1791 1274 64 22 office
1865 1274 26 22 of

1297 1306 26 18 */
1357 1301 43 22 this
1418 1309 76 20 paper,
1515 1310 13 14 a
1545 1301 62 28 large
1625 1301 117 22 collection
1756 1301 40 22 'of
1819 1301 72 23 books

1297 1328 73 23 suited
1384 1328 34 22 for
1436 1328 38 22 the
1488 1329 102 27 juvenile
1607 1328 111 22 branches
1736 1327 27 23 of
1773 1335 14 15 a
1801 1328 87 28 family,

1299 1356 123 27 consisting
1437 1356 26 22 of
1463 1367 26 4 —

1324 1383 111 21 Coloured
1446 1383 141 27 battledores,
1599 1382 37 22 3d.
1648 1382 61 28 each,
1719 1404 4 5 ,
1744 1404 6 5 _

1326 1410 19 21 A
1356 1411 102 27 quantity
1476 1411 26 20 of
1512 1414 39 23 toy
1567 1410 78 27 books,
1658 1410 35 21 Id.
1709 1406 63 30 each,
1790 1409 44 22 and
1850 1409 40 23 the

1295 1437 115 27 following
1420 1437 79 27 works,
1510 1441 40 23 got
1558 1444 30 20 up
1598 1437 24 22 in
1632 1444 15 14 a
1656 1444 53 19 very
1718 1440 54 18 neat
1782 1437 56 27 style
1846 1445 6 13 :—:
1853 1449 30 3 —

1465 1472 45 14 ONE
1525 1471 110 14 SHILLING
1650 1471 66 14 EACH.

1324 1491 105 22 Children
1446 1491 26 22 of
1489 1492 38 21 the
1544 1491 81 27 Abbey
1632 1499 6 19 ;
1660 1498 15 14 a
1691 1490 50 28 tale,
1758 1491 32 27 by
1800 1491 90 27 Regina

1297 1518 74 23 Maria
1379 1518 86 27 Roche,

1323 1545 94 27 History
1427 1546 26 21 of
1464 1545 64 27 Lucy
1538 1545 72 27 ClaTe,

1323 1572 94 28 History
1427 1573 26 22 of
1465 1572 39 23 the
1514 1572 83 27 Faries,

1322 1599 108 22 Russell's
1437 1606 69 15 seven
1517 1606 108 20 sermons,
1636 1598 50 23 fifth
1698 1598 91 28 edition,

1321 1626 49 23 The
1378 1627 57 22 lives
1446 1626 45 23 and
1505 1626 87 23 actions
1609 1626 25 21 of
1647 1627 38 21 the
1699 1629 59 19 most
1772 1626 118 23 notorious

1295 1654 174 27 Highwaymen,

1322 1681 50 22 Life
1387 1681 26 21 of
1424 1681 135 27 Bonaparte,

1322 1708 95 28 History
1427 1708 26 22 of
1464 1708 75 21 Baron
1551 1707 165 28 Munchausen,

1500 1742 109 15 SIXPENCE
1619 1742 68 15 EACH.

1321 1762 54 22 Two
1384 1762 74 23 sisters
1468 1762 46 21 and
1523 1761 129 28 fisherman,
1676 1776 4 3 -

1323 1789 106 22 Soloman
1445 1788 137 23 Sobersides
1592 1789 122 22 Christmas
1723 1788 55 23 tales
1787 1789 36 22 for
1832 1789 57 28 boys

1295 1816 43 23 and
1348 1817 60 27 girls,

1322 1844 91 21 Mother
1422 1842 101 24 Bunch's
1531 1842 59 28 fairy
1599 1842 65 29 tales,

1321 1871 87 27 Beauty
1419 1871 45 21 and
1476 1870 38 22 the
1524 1871 74 27 Beast,

1322 1898 98 33 History^
1427 1899 26 21 of
1464 1898 58 21 little
1533 1898 65 27 Jack,

1321 1920 99 32 History*
1425 1926 26 20 of
1462 1925 118 22 Robinson
1591 1926 92 26 Crusoe,

1321 1952 49 22 The
1378 1952 135 22 valentine's
1523 1952 48 27 gift,
1622 1972 12 5 „
1657 1971 4 3 .
1689 1954 2 6 '

1321 1979 94 27 History
1439 1979 26 22 of
1489 1979 98 27 Tommy
1610 1978 109 29 Playlove
1743 1978 45 22 and
1814 1978 73 27 Jacky

1295 2007 127 26 Lovebook,

1320 2033 48 22 The
1378 2032 99 27 triumph
1488 2033 26 21 of
1524 2033 59 26 good
1592 2035 89 23 nature,

1321 2061 65 26 Story
1397 2059 26 22 of
1432 2059 59 22 little
1503 2059 58 21 Dick
1571 2059 45 21 and
1625 2059 36 22 his
1671 2058 135 29 playthings,

1305 2098 3 4 •
1320 2087 48 21 The
1378 2086 135 22 adventures
1524 2086 25 22 of
1560 2086 97 27 Finetta,

1321 2114 94 26 History
1425 2114 27 20 of
1459 2113 109 21 Graciosa
1575 2113 45 22 and
1628 2112 109 28 Percinet,
1747 2120 13 15 a
1768 2112 59 28 fairy
1834 2112 52 28 tale,

1321 2140 85 22 Sinbad
1415 2140 38 22 the
1462 2140 75 25 sailor,

1321 2167 103 28 Tragedy
1434 2168 26 21 of
1471 2167 109 28 Douglas.

1476 2202 150 14 THREEPENCE
1636 2201 68 15 EACH:

1322 2222 44 22 Obi
1372 2231 5 19 ;
1394 2229 24 15 or
1427 2221 176 28 three-fingered
1613 2221 66 28 Jack,

1320 2249 57 23 Blue
1387 2248 80 28 Beard,

1320 2277 57 22 Puss
1385 2277 24 21 in
1419 2276 77 27 Boots,

1320 2304 91 22 Mother
1422 2302 116 27 Hubbard,
1551 2302 45 22 and
1605 2302 42 22 her
1655 2302 123 22 wonderful
1789 2305 43 24 cat,
1897 2317 3 8 ,

1322 2331 107 27 Aladdin,
1439 2338 26 14 or
1475 2330 38 22 the
1523 2330 126 22 wonderful
1657 2330 67 27 lamp,

1323 2359 106 21 Children
1438 2358 24 22 in
1472 2357 39 22 the
1522 2357 72 27 wood,
1720 2369 8 14 >

1322 2385 58 22 Jack
1389 2384 46 22 and
1444 2385 39 21 the
1491 2384 60 22 bean
1563 2383 67 28 stalk,

1323 2412 122 22 Gulliver's
1455 2411 89 27 travels,

1322 2440 39 21 Ali
1371 2439 63 22 Baba
1441 2447 5 20 ;
1463 2446 25 14 or
1497 2439 38 21 the
1546 2438 61 28 forty
1616 2437 93 29 thieves,

1323 2466 83 23 Sinbad
1417 2467 38 20 the
1465 2465 73 26 sailor,

1322 2494 95 27 History
1427 2493 28 22 of
1465 2493 35 21 Sir
1510 2491 98 23 William
1618 2492 107 28 Wallace,

1323 2521 144 22 Adventures
1478 2519 27 22 of
1514 2519 58 22 Tom
1582 2519 98 22 Thumb.

1561 2554 63 19 ALSO,

1324 2575 81 28 Gray's
1416 2573 142 28 Arithmetic,

1323 2602 79 28 Ready
1412 2601 137 26 Reckoners,

1323 2629 122 23 Johnson's
1455 2628 141 28 Dictionary,
1609 2651 4 7 v

1323 2657 83 22 Pocket
1415 2656 98 26 Reciter,

1323 2684 118 22 Anecdote
1458 2683 26 22 of
1494 2682 49 27 wit;
1564 2681 58 23 Irish
1637 2682 46 27 wit,
1699 2682 85 27 budget
1800 2682 27 22 of
1843 2682 57 27 wit,'

1298 2712 44 22 and
1352 2718 56 20 song
1415 2710 71 22 books
1494 2710 25 21 in
1529 2714 64 23 great
1601 2710 94 26 variety.

1511 2755 165 21 Education.

1300 2788 106 35 i\/TRS.
1426 2789 46 23 and
1491 2790 72 21 MISS
1587 2788 191 23 WAKEFIELD
1801 2789 89 22 receive

1301 2811 61 30 IYX
1387 2818 76 27 pupils
1472 2824 30 14 on
1513 2816 38 22 the
1560 2816 117 28 following
1686 2819 66 19 terms
1758 2823 5 14 :
1765 2813 38 19 —^

1324 2844 45 23 For
1385 2844 79 27 board,
1483 2844 55 21 with
1555 2843 103 27 washing
1673 2843 45 22 and
1731 2844 36 21 in-

1287 2879 1 10 >
1352 2872 108 23 struction
1465 2871 24 22 in
1493 2870 93 28 general
1593 2870 94 27 English
1693 2870 74 23 litera-

1351 2903 56 23 ture,
1424 2898 95 27 writing,
1535 2898 46 21 and
1593 2897 118 27 aritmetic,
1726 2905 42 20 per

1352 2929 90 25 quarter
1766 2926 13 21 8
1808 2927 13 20 8
1849 2927 15 20 0

1323 2954 80 22 Under
1409 2954 15 21 7
1433 2960 65 20 years
1510 2952 26 23 of
1546 2959 41 20 age
1766 2950 14 25 7
1808 2952 19 23 7.
1849 2954 14 20 0

1324 2981 53 28 Day
1385 2980 107 22 boarders
1766 2980 14 21 4
1848 2982 15 19 0

1325 3008 52 27 Day
1385 3007 74 28 pupils
1767 3006 13 22 2
1808 3008 14 20 2
1849 3009 15 20 0

1324 3035 81 22 Junior
1415 3034 56 22 ditto
1485 3057 3 3 .
1496 3048 6 6 .
1511 3031 4 24 '.
1768 3034 9 21 1
1794 3035 25 20 11
1848 3035 15 20 6

1298 3062 94 27 French,
1408 3062 90 26 Italian,
1516 3060 43 23 and
1575 3060 115 27 Drawing,
1700 3060 32 22 £1
1748 3062 44 20 11s.
1804 3060 36 22 6d.
1850 3068 41 20 per

1544 3091 97 25 quarter.

1324 3116 89 22 Private
1422 3115 87 22 lessons
1518 3116 24 21 in
1552 3116 78 26 music,
1643 3122 26 14 or
1679 3121 44 21 any
1732 3114 27 22 of
1769 3114 38 22 the
1817 3114 72 22 above

1297 3143 109 23 branches
1417 3142 26 22 of
1455 3142 126 27 education,
1597 3149 44 15 one
1655 3142 75 21 hour's
1745 3142 143 27 instruction,

1297 3171 50 22 four
1354 3170 87 22 lessons
1458 3169 36 22 for
1505 3176 42 15 one
1557 3169 91 27 guinea.

1324 3197 136 22 References
1469 3199 23 19 to
1502 3196 38 22 the
1549 3196 116 26 following
1669 3195 130 28 gentlemen
1810 3195 80 28 kindly

1297 3223 120 30 permitted
1425 3231 5 13 :
1431 3234 30 4 —

1324 3252 63 27 Capt.
1397 3250 36 22 W.
1444 3250 34 22 M.
1490 3249 79 27 Smith,
1581 3249 68 27 R.A.,
1658 3249 230 28 Surveyor-General,

1324 3279 27 21 T.
1363 3278 31 22 M.
1406 3276 125 28 Partridge,
1543 3277 54 27 Esq.

1324 3306 23 22 S.
1357 3305 99 26 Revans,
1468 3304 53 27 Esq.

1295 3331 184 27 Tinakore-road,
1491 3331 91 26 August
1589 3331 35 26 24,
1636 3331 64 21 1841.'
1897 3345 3 5 .

1297 3379 40 20 To
1352 3377 164 22 Gentlemen
1530 3375 149 29 intending
1693 3376 28 20 to
1736 3377 78 20 enter
1828 3375 60 22 into

1323 3405 45 21 the
1396 3403 146 27 profitable
1570 3403 111 26 pursuit
1710 3403 31 20 of
1766 3403 124 27 Grazing

1323 3432 56 21 and
1398 3430 139 27 Breeding
1556 3430 93 25 Stock,
1656 3448 7 4 .
1672 3429 48 22 for-
1733 3430 91 21 which
1845 3431 43 20 the

1323 3459 89 22 fertile
1432 3458 112 21 Islands
1559 3456 37 21 'of
1613 3457 72 21 New
1700 3457 124 22 Zealand
1843 3463 45 16 axe

1323 3492 32 15 so
1370 3484 153 28 peculiarly
1537 3484 128 26 adapted.

1295 3515 91 34 ripHE
1395 3515 155 28 undersigned
1559 3517 44 26 beg
1611 3519 23 19 to
1644 3516 83 22 inform
1735 3516 60 22 their
1803 3516 87 22 friends

1305 3538 24 28 JL
1368 3543 52 23 and'
1430 3541 39 24 the
1483 3543 76 27 public
1575 3542 131 29 generally,'
1715 3543 48 22 thdt
1778 3543 56 28 they
1843 3543 46 23 will

1368 3574 102 20 contract
1478 3571 36 21 for
1523 3570 38 22 the
1577 3570 108 27 delivery-
1691 3570 25 22 of
1723 3570 36 22 the
1774 3570 116 28 following

1296 3599 135 27 description
1444 3598 27 21 of
1478 3597 74 27 Stock,
1559 3597 26 22 in
1593 3604 46 20 any
1649 3597 55 23 Port
1712 3597 25 22 of
1750 3597 39 22 the
1799 3597 91 23 Islands

1297 3626 26 22 of
1330 3626 56 22 New
1396 3624 102 23 Zealand
1506 3632 5 14 :
1512 3636 30 4 —

1324 3652 95 22 Horned
1435 3651 68 23 cattle
1522 3650 126 29 (improved
1662 3650 88 28 breeds)
1766 3651 26 22 of
1804 3650 32 23 all
1851 3651 39 22 de-

1297 3680 125 27 scriptions,
1456 3682 2 5 '
1471 3688 4 3 ■
1632 3681 4 9 '

1437 3705 60 23 from
1518 3705 38 22 the
1577 3705 53 21 best
1648 3704 95 27 English
1764 3704 47 22 and
1827 3705 63 22 Arab

1296 3734 68 27 studs,
1382 3733 94 23 suitable
1493 3732 35 22 for
1547 3732 85 27 racing,
1649 3731 83 29 saddle,
1743 3738 25 16 or
1780 3731 95 23 harness
1882 3740 6 20 ;

1296 3761 45 22 and
1349 3760 109 27 breeding
1467 3766 82 20 mares,

1323 3788 59 22 Pure
1392 3788 77 22 Saxon
1479 3787 46 21 and
1534 3786 87 22 merino
1632 3792 65 20 ewes,

1323 3814 122 23 Half-bred
1461 3813 115 23 Leicester
1591 3812 45 23 and
1651 3812 86 22 merino
1757 3819 64 19 ewes,
1838 3819 52 21 par-

1295 3841 104 29 ticularly
1410 3840 96 29 adapted
1521 3841 34 21 for
1564 3839 46 23 this
1618 3843 103 23 country,
1732 3846 24 15 as
1765 3839 55 28 they
1825 3840 65 22 unite

1296 3869 82 26 weight
1388 3869 25 22 of
1420 3875 88 15 carcass
1519 3867 52 23 with
1581 3867 99 22 fineness
1691 3866 25 21 of
1722 3866 63 22 wool.

1286 3912 2 6 ,
1322 3895 48 23 The
1394 3894 153 28 undersigned
1570 3902 42 14 can
1640 3893 168 23 accommodate
1836 3901 54 21 pur-

1286 3937 2 5 .
1297 3923 89 22 chasers
1399 3923 27 21 of
1439 3922 59 22 their
1508 3921 69 23 Stock
1594 3920 55 24 with
1666 3921 114 22 extensive
1794 3921 96 28 grazing

1287 3956 1 15 i
1295 3956 62 19 runs,
1368 3947 78 24 within
1456 3947 42 24 10b
1506 3948 66 23 miles
1583 3949 27 21 of
1614 3947 45 23 this
1669 3947 61 23 Port.
1845 3946 2 8 '

1287 3978 4 27 1
1314 3980 3 3 '
1559 3982 37 23 W.
1611 3982 27 23 B.
1653 3982 94 23 Rhodes
1761 3982 46 23 and
1822 3982 39 23 Co.

174 142 69 19 New
258 141 122 20 Zealand
394 141 150 25 Company.
557 149 4 4 ■

67 174 90 49 THE
175 174 102 22 COURT
291 174 38 21 OF
352 174 175 21 DIRECTORS
538 174 40 20 OF
590 173 65 21 THE

141 201 71 21 NEW
232 200 151 22 ZEALAND
398 200 154 22 COMPANY
569 200 84 26 hereby

65 228 50 27 give
127 228 80 26 notice,
219 228 48 21 that
277 227 52 27 they
340 227 57 21 have
407 227 105 22 reserved
521 226 35 22 for
570 226 45 22 sale
630 229 23 19 to

65 262 92 20 persons
166 255 99 21 resident
273 254 22 21 in
307 254 55 21 New
380 253 101 22 Zealand
500 257 24 18 dr
538 253 38 22 the
594 254 60 21 Aus-

66 281 104 21 tralasian
181 281 112 27 Colonies,
303 283 44 19 two
354 280 102 22 hundred
463 280 26 21 of
496 280 37 21 the
541 279 112 22 thousand

65 308 129 21 allotments
206 308 130 21 mentioned
354 308 22 20 in
391 307 39 21 the
447 306 89 28 printed

65 335 33 21 for
124 334 109 22 Purchase
253 335 26 20 of
418 334 24 21 in
462 333 38 22 the
516 333 136 27 Company's

65 361 83 21 second
159 361 134 26 settlement,
307 361 92 25 bearing
409 360 53 24 date
478 360 57 21 New
551 359 102 22 Zealand

65 388 85 26 House,
166 388 52 20 15th
234 388 113 26 February
363 388 62 25 1841,
440 386 75 27 copies
534 386 27 21 of
580 386 71 22 which

65 422 50 19 may
133 415 28 21 be
180 414 106 21 obtained
308 419 23 16 at
350 414 37 21 the
408 413 244 27 Surveyor-General's

64 441 71 27 office,
148 441 143 27 Wellington.

89 468 73 21 These
173 469 41 20 200
223 467 137 22 allotments
369 466 59 22 have
444 467 59 21 been
521 466 92 21 entered
628 466 22 21 in

63 494 38 22 the
111 495 94 26 registry
215 494 25 21 of
252 494 146 31 appacations
408 493 73 22 under
491 493 38 22 the
545 493 107 22 numbers

61 522 40 21 401
114 525 22 17 to
154 522 39 20 600
213 520 54 22 both
280 520 115 26 inclusive,
416 520 46 21 and
481 519 39 22 thft
538 519 72 28 rights
630 520 26 21 of

63 548 77 21 choice
147 548 21 21 in
180 551 86 23 respect
275 548 26 20 of
315 546 37 22 the
371 546 47 22 said
436 547 107 21 numbers
561 546 45 22 will
623 546 28 22 be

63 574 140 22 determined
214 575 27 27 by
251 574 64 21 lot'in
330 574 105 27 England
446 581 24 14 as
479 574 24 20 in
515 572 38 23 the
562 581 51 14 case
630 574 26 21 of

62 602 29 21 all
102 601 38 21 the
150 601 64 21 other
225 600 134 22 allotments.

100 628 123 27 Intending
245 628 132 26 purchasers
395 627 27 21 of
441 626 63 23 these
524 626 128 23 allotments

62 659 60 17 must
132 654 87 28 deposit
228 654 37 21 the
276 654 71 21 whole
363 654 203 27 purchase-money
582 654 70 26 (j£3oo

62 683 34 20 for
106 675 63 34 each)
181 682 48 20 into
239 688 45 20 any
294 681 26 21 of
332 680 38 22 the
380 680 58 22 local
448 680 111 22 branches
576 680 28 22 of
614 680 37 22 the

61 709 76 21 Union
150 708 64 21 Bank
225 708 24 21 of
268 708 126 26 Australia;
412 706 46 22 and
475 715 30 14 on
521 707 131 27 presenting

61 743 25 13 or
96 735 152 26 transmitting
258 738 22 18 to
294 734 37 21 the
348 734 136 27 Company's
499 734 77 26 acting
590 734 61 28 prin-

61 762 57 27 cipal
128 765 69 23 agent
205 762 23 21 in
238 761 56 22 New
305 760 106 28 Zealand,
423 764 23 18 at
457 761 53 21 Port
519 760 130 27 Nicholson,

62 796 28 14 an
103 788 224 28 acknowlegmentof
335 788 38 21 the
381 788 84 26 receipt
470 788 26 21 of
502 787 150 28 suchdeposit

60 816 29 27 by
101 816 37 20 the
148 816 72 26 Bank,
238 815 37 21 the
291 814 118 28 depositor,
425 822 26 14 or
465 814 34 21 his
514 817 75 25 agent,
606 815 45 21 will

60 842 88 22 receive
160 842 56 21 from
227 842 37 21 the
269 842 136 26 Company's
411 841 49 22 said
469 841 108 27 principal
585 845 67 23 agent

61 877 14 13 a
94 870 87 20 written
203 868 134 22 declaration
358 869 26 21 of
402 868 37 22 the
458 868 95 21 number
569 868 23 21 in
613 868 37 22 the

61 896 96 27 registry
166 896 27 21 of
204 896 146 27 applications
359 895 104 21 awarded
472 899 23 17 to
510 894 55 22 such
583 895 68 27 depo-

61 923 60 26 sitor,
134 922 53 22 with
197 930 29 14 an
234 922 150 27 undertaking
390 925 23 18 to
420 922 85 22 deliver
510 922 37 21 the
554 922 97 22 sections

62 950 72 21 which
145 949 54 22 such
209 950 110 26 depositor
329 956 26 14 or
363 949 34 21 his
408 952 68 24 agent
485 956 52 20 may
547 948 70 22 select
626 949 24 21 in

60 980 88 23 respect
157 976 26 22 of
195 976 37 22 the
242 976 59 26 right
312 976 25 21 of
349 976 77 21 choice
437 976 78 26 falling
532 975 30 27 by
578 976 33 21 lot
627 979 23 18 to

61 1000 54 25 such
126 1003 95 21 number
230 1003 22 21 in
264 1003 37 21 the
310 1003 101 27 registry.

88 1030 47 22 The
147 1030 104 22 numbers
260 1030 24 21 in
294 1030 37 21 the
341 1030 96 27 registry
450 1029 46 21 will
505 1029 28 21 be
546 1029 105 22 awarded

61 1057 87 27 strictly
157 1057 24 21 in
192 1057 37 21 the
239 1057 66 21 order
314 1056 26 22 of
350 1057 39 21 the
398 1057 153 26 presentation
563 1056 26 21 of
595 1057 54 21 such

62 1084 87 27 deposit
157 1084 94 27 receipts
263 1088 21 17 to
294 1083 37 22 the
342 1083 136 27 Company's
486 1082 49 22 said
542 1083 108 27 principal

46 1122 5 4 -
61 1114 75 23 agent.

90 1137 27 22 In
127 1144 51 15 case
189 1137 96 27 deposits
294 1137 81 21 should
383 1137 28 21 be
422 1136 66 22 made
498 1137 35 21 for
542 1144 13 14 a
562 1140 89 24 greater

61 1165 96 21 number
167 1165 26 20 of
208 1164 127 22 allotments
348 1164 54 22 than
420 1164 39 22 the
474 1165 42 21 200
532 1164 81 26 placed
627 1167 24 19 at

61 1191 37 22 the
109 1191 96 27 disposal
222 1191 25 21 of
265 1191 38 21 the
319 1191 137 27 Company's
472 1194 69 23 agent
554 1191 25 21 in
594 1191 56 21 New

60 1218 108 27 Zealand,
188 1218 37 21 the
236 1217 86 28 deposit
330 1218 96 27 receipts
436 1217 25 22 in
470 1221 88 24 respect
568 1217 26 22 oT
606 1225 44 20 any

60 1245 55 22 such
126 1249 64 17 extra
201 1245 126 21 allotments
338 1245 43 21 will
392 1248 42 18 not
442 1245 28 21 be
479 1244 114 27 accepted,
606 1245 44 21 and

60 1273 38 21 the
108 1272 73 22 whole
191 1276 93 17 amount
294 1271 25 22 of
331 1272 37 21 the
377 1271 88 28 deposit
474 1271 43 21 will
526 1271 26 21 be
562 1275 89 18 return-

60 1299 28 22 ed
98 1303 23 17 to
132 1299 37 21 the
181 1299 117 26 depositor,
314 1298 52 22 with
376 1299 94 21 interest
479 1302 24 18 at
512 1298 37 22 the
560 1302 91 18 current

59 1330 48 18 rate
126 1326 27 21 of
172 1326 95 21 interest
284 1333 30 14 on
333 1325 97 28 deposits
449 1325 94 22 allowed
562 1325 31 28 by
613 1325 37 23 the

60 1353 75 21 Union
148 1352 64 22 Bank
223 1353 25 21 of
260 1353 121 21 Australia.

88 1380 36 22 No
134 1380 88 27 deposit
231 1379 93 28 receipts
335 1379 45 22 will
389 1379 27 22 be
427 1379 106 27 accepted
544 1379 58 22 after
613 1379 36 22 the

60 1407 136 27 Company's
219 1406 109 27 principal
346 1410 68 23 agent
431 1407 24 21 in
475 1407 56 21 New
549 1406 101 22 Zealand

60 1434 57 22 shall
127 1434 56 21 have
193 1433 93 23 learned
295 1433 48 22 that
354 1434 37 21 the
401 1433 101 27 drawing
519 1433 26 22 of
554 1433 46 22 lots
616 1433 35 21 for

58 1462 94 26 priority
163 1461 25 21 of
199 1460 83 27 choice,
294 1461 40 21 has
343 1461 68 21 taken
424 1461 64 27 place
503 1460 23 22 in
537 1460 112 27 England.

88 1489 22 21 It
120 1488 18 21 is
155 1487 114 28 expressly
288 1487 127 27 stipulated,
435 1488 50 21 that
503 1487 31 21 all
552 1487 98 28 deposits

59 1515 46 21 and
115 1515 145 26 applications
267 1514 57 22 shall
333 1514 28 22 be
371 1515 66 21 made
455 1515 86 24 subject
555 1517 24 19 to
595 1514 55 22 such

58 1541 138 28 regulations
207 1549 23 14 as
241 1541 55 22 have
306 1541 65 28 been,
387 1548 24 14 or
424 1548 53 20 may
491 1541 113 22 hereafter
614 1541 34 26 be,

60 1569 66 21 made
136 1569 31 26 by
176 1568 38 22 the
236 1569 122 26 Company,
378 1568 35 22 for
428 1568 42 22 the
490 1568 97 27 disposal
606 1568 45 22 and

59 1595 55 23 final
124 1595 99 28 delivery
231 1595 25 22 of
262 1595 144 28 preliminary
416 1595 66 22 lands
488 1595 24 22 in
521 1595 36 22 the
566 1595 83 22 second

58 1623 136 22 settlement.

169 1649 34 27 By
213 1649 65 22 order
287 1649 26 21 of
324 1648 38 22 the
373 1649 74 26 Court,

303 1675 26 23 F.
345 1676 92 22 Dillon
452 1676 70 27 Bell,

391 1703 117 28 Secretary
518 1711 39 20 pro
568 1706 55 19 tern.

58 1731 57 22 New
129 1730 100 22 Zealand
241 1730 85 27 House,

114 1757 104 27 London,
228 1757 60 22 22nd
297 1757 72 27 April,
382 1758 61 20 1841.
464 1756 2 7 '

154 1803 92 21 Union
260 1803 80 20 Bank
354 1803 31 20 of
401 1803 151 20 Australia.

57 1837 97 22 London
172 1837 93 26 Office,
281 1836 43 22 No.
339 1837 37 26 33,
394 1836 51 22 Old
462 1836 187 23 Broad-street.

112 1870 95 28 Capital,
216 1870 122 27 £800,000;
359 1870 52 27 paid
420 1878 38 20 up,
475 1870 119 28 £500,000.

293 1906 109 15 DIRECTORS
408 1910 5 3 -

164 1933 69 20 George
240 1932 39 18 Fife
286 1932 66 21 Angas,
361 1932 49 21 Esq.,

164 1955 68 16 Kobert
239 1954 74 19 Brooks,
323 1953 49 20 Esq.,

162 1976 62 16 James
232 1975 47 17 John
288 1975 100 19 Cummins,
397 1974 49 21 Esq.,

163 1997 69 16 Kobert
239 1995 96 19 Gardener,
347 1996 49 20 Esq.,
407 1995 124 21 Manchester,

162 2018 49 15 John
220 2018 45 15 Gore
282 2017 47 20 Esq.,

162 2039 49 15 John
219 2037 79 17 William
305 2037 75 19 lJuckle,
387 2037 48 21 Esq.,

162 2059 96 19 Benjamin
266 2058 21 16 E.
294 2058 63 19 Lindo,
366 2059 48 18 Esq.,

163 2079 72 17 Charlet.
245 2079 75 16 Edward
328 2079 87 20 Mangles,
424 2079 50 20 Esq.,

162 2099 115 21 Christopher
285 2099 83 20 Rawson,
377 2099 48 21 Esq.,
438 2099 83 20 Halifax,

162 2121 79 17 I'homas
248 2121 64 19 Sands,
320 2121 49 20 Esq.,
376 2120 101 21 Liverpool,

162 2143 61 16 James
232 2142 54 20 Bogle
294 2141 65 19 Smith,
366 2142 49 20 Esq.,

161 2164 62 16 James
231 2163 79 17 Buddell
317 2162 56 20 Xodd,
381 2162 43 21 Esq.

55 2192 97 19 Trustees:
168 2191 81 16 George
260 2190 57 17 Carr
328 2190 62 19 Glyn,
402 2190 49 21 Esq.,
462 2190 53 17 John
526 2190 63 21 Gore,
599 2191 50 21 Esq.,

204 2213 36 15 and
247 2212 65 16 James
319 2212 18 16 J.
344 2212 102 19 Cummins,
456 2212 44 20 Esq.

83 2240 83 18 Bankers
171 2246 4 10 :
187 2240 74 16 Messrs.
269 2240 60 20 Glyk,
341 2240 117 19 Hallifax,
467 2240 71 20 Mills,
546 2240 37 16 and
590 2240 32 18 Co.

176 2268 100 21 Secretary:
289 2268 84 16 Samuel
378 2268 97 19 Jackson,
482 2268 44 21 Esq.

147 2296 81 17 Colonial
235 2296 93 21 Inspector
333 2301 4 11 :
348 2296 19 16 J.
374 2296 20 16 C.
401 2296 104 20 M'Laren,
514 2296 43 21 Esq.

177 2345 70 20 New
265 2344 123 21 Zealand
406 2344 118 21 Branch.

54 2378 54 18 Local
116 2379 92 16 Directors
214 2383 5 12 :
234 2379 47 16 Geo.
292 2378 18 17 S.
321 2378 74 18 Evans,
406 2378 50 21 Esq.,
470 2378 70 20 D.C.L.,
552 2380 37 16 and
601 2379 47 17 Geo.

277 2399 92 19 Hunter,
381 2399 43 21 Esq.

54 2421 98 20 Manager:
164 2420 49 17 John
220 2421 72 18 Smith,
300 2421 48 19 Esq.,
357 2420 37 17 late
401 2421 20 16 of
429 2421 33 16 the
469 2421 120 17 Commercial
595 2421 53 17 Bank

224 2442 21 16 of
253 2441 88 21 England,
354 2441 124 17 Manchester.

165 2470 114 22 Branches
290 2473 24 19 at
328 2470 98 28 Sydney,

328 2497 90 22 llobart
425 2498 78 27 Town,

329 2524 10 22 1
347 2528 132 24 Aunceston,
491 2524 46 23 and

329 2551 11 22 I
348 2555 35 18 ort
392 2552 82 28 Philip.

55 2580 53 21 Port
117 2578 132 28 Nicholson,
260 2578 80 23 March
350 2580 35 26 24,
397 2580 61 21 1840.

55 2633 93 49 THE
164 2633 115 22 Directors
296 2632 25 22 of
336 2632 40 22 the
393 2632 56 22 New
465 2633 102 22 Zealand
582 2634 66 22 Land

130 2661 118 27 Company
261 2660 84 27 hereby
361 2660 50 27 give
429 2660 82 27 notice,
529 2661 49 21 that
593 2661 55 28 they

53 2687 59 23 have
119 2695 115 15 effected
244 2694 29 15 an
284 2694 172 15 arramgement
464 2688 53 22 with
526 2688 36 22 the
570 2688 77 22 Union

54 2714 66 22 Bank
135 2715 26 22 of
178 2714 120 27 Australia,
314 2714 45 22 No.
376 2715 33 26 38,
425 2714 45 22 Old
486 2715 160 27 Broad-street,

54 2741 105 27 London,
169 2741 35 22 for
213 2741 38 23 the
263 2741 169 22 establishment
446 2741 27 23 of
485 2750 14 14 a
515 2742 133 23 BRANCH

54 2769 90 22 BANK
159 2768 35 22 IN
208 2768 73 22 NEW
294 2768 160 28 ZEALAND,
467 2769 97 28 through
574 2769 74 23 which

54 2795 38 23 the
101 2796 103 22 business
217 2796 27 21 of
256 2795 38 22 the
310 2795 58 23 New
384 2795 101 23 Zealand
498 2796 66 22 Land
581 2797 67 22 Com-

53 2830 61 21 pany
123 2823 46 22 will
178 2823 28 21 be
216 2823 134 22 transacted.
378 2822 48 22 The
442 2823 116 23 Directors
573 2823 75 23 there-

53 2852 48 20 tore
110 2849 146 23 recommend
265 2853 24 19 to
306 2850 110 22 Colonists
432 2850 39 22 the
488 2851 76 21 Union
582 2851 66 22 Bank

53 2877 28 21 of
99 2877 115 22 Australia
231 2884 24 15 as
272 2884 29 15 an
328 2877 171 22 establishment
520 2878 129 28 possessing

53 2904 57 22 their
127 2905 72 21 entire
222 2904 136 27 confidence,
379 2904 45 22 and
443 2904 50 22 able
513 2908 22 18 to
554 2905 93 26 provide

53 2931 128 28 effectually
196 2931 35 22 for
247 2931 37 23 the
298 2931 107 22 financial
418 2935 72 19 wants
508 2932 26 22 of
545 2932 37 22 the
600 2933 48 22 first

53 2958 135 22 settlement.
573 2964 16 18 %

223 2985 34 27 By
267 2985 66 22 order
341 2985 28 21 of
378 2985 37 23 the
426 2985 82 27 Board,

299 3012 85 22 JOHN
400 3012 104 28 WARD,
521 3013 125 29 Secretary.

53 3039 57 23 New
120 3039 101 22 Zealand
230 3039 65 22 Land
305 3040 136 27 Company's
451 3040 78 28 Office,

82 3069 19 22 1,
112 3067 160 26 Adam-street,
284 3067 105 26 Adelphi,
400 3067 53 22 a^th
463 3068 61 26 Aug.
543 3067 61 23 1839.

112 3111 87 22 AND
224 3111 259 23 AGENCIES.—
482 3112 41 22 TO
547 3112 101 23 LAND-

132 3138 182 22 HOLDERS.—
313 3138 48 22 The
380 3138 158 28 Undersigned
555 3140 46 28 beg
625 3144 22 18 to

53 3166 55 21 offer
117 3164 136 23 themselves
262 3168 23 18 to
295 3164 58 23 their
361 3165 86 23 friends
457 3166 45 22 and
517 3167 38 22 the
570 3167 77 28 public

52 3200 25 14 as
87 3192 88 27 Agents
185 3192 35 21 for
230 3192 36 21 the
277 3192 94 31 disposal
380 3192 26 22 of
411 3192 71 23 Town
492 3194 45 21 and
546 3194 101 28 Country

53 3219 85 27 Lands,
203 3222 58 19 trust
270 3218 58 23 their
337 3219 97 22 colonial
444 3221 135 25 experience
594 3229 54 20 may

51 3246 81 22 entitle
142 3246 62 22 them
214 3249 23 18 to
248 3253 12 14 a
272 3245 64 22 share
347 3246 26 21 of
383 3246 37 21 the
430 3248 76 26 public
515 3251 130 25 patronage.

78 3280 65 27 They
154 3279 45 23 will
207 3279 29 22 be
245 3279 76 28 happy
329 3283 23 18 to
362 3287 94 20 arrange
470 3281 35 22 for
514 3281 46 22 and
569 3289 79 21 super-

51 3307 82 22 intend
142 3307 39 21 the
189 3314 93 19 surveys
289 3306 46 22 and
341 3307 161 23 sub-divisions
508 3309 27 21 of
541 3309 37 21 the
583 3309 63 22 land.

53 3333 91 23 Liberal
154 3333 111 23 advances
275 3333 45 22 will
332 3333 29 22 be
377 3334 65 22 made
453 3342 29 14 on
491 3335 66 22 lands
566 3336 81 27 placed

51 3361 25 21 in
87 3361 58 22 their
154 3360 73 22 hands
233 3361 35 21 for
275 3360 54 22 sale.
356 3361 64 27 They
428 3361 46 22 will
481 3362 47 22 also
535 3363 28 21 be
571 3370 75 21 nappy

52 3391 24 19 to
87 3387 65 23 assist
161 3387 136 28 proprietors
305 3387 24 22 in
338 3387 89 28 leasing
437 3388 58 22 their
504 3389 72 22 lands.

315 3442 4 4 ,
337 3421 64 22 John
412 3422 46 22 and
468 3422 59 22 Geo.
536 3422 83 24 Wade.

129 3467 134 27 Building
276 3467 172 21 Allotments
462 3469 30 19 to
508 3469 59 22 Let,

53 3499 93 50 THE
165 3499 201 23 ADVERTISER
381 3499 65 23 offers
461 3507 61 21 upon
538 3501 110 29 Building

130 3526 89 27 Leases,
230 3534 14 14 a
253 3526 95 22 number
358 3527 27 21 of
394 3526 70 23 Town
474 3527 139 23 Allotments
621 3529 25 22 in

52 3553 38 22 the
101 3557 59 19 most
169 3552 108 23 desirable
287 3557 61 24 parts
357 3554 27 21 of
394 3553 44 23 this
449 3554 142 23 Settlement.

79 3580 48 23 The
146 3580 112 22 attention
275 3581 26 21 of
317 3580 38 22 the
372 3579 77 29 public
464 3582 20 21 is
500 3582 146 29 particularly

52 3608 72 22 called
144 3611 23 18 to
187 3607 38 22 the
242 3606 125 28 advantage
387 3608 26 21 of
430 3608 108 28 Building
554 3609 90 28 Leases,

50 3634 75 23 which
136 3634 38 22 the
183 3633 153 28 undersigned
343 3641 19 14 is
373 3634 97 23 enabled
479 3639 23 18 to
511 3639 73 24 grant,
593 3636 52 28 viz.,

51 3662 59 22 from
119 3669 70 14 seven
199 3664 24 18 to
235 3664 143 24 ,twenty-one
394 3669 73 19 years,
486 3662 122 29 according
623 3667 22 19 to

51 3688 39 22 the
109 3688 66 22 value
194 3688 27 22 of
241 3688 37 21 the
301 3687 114 28 buildings
436 3689 112 27 proposed
570 3693 24 19 to
617 3690 28 22 be

53 3716 96 22 erected.
179 3714 77 29 Apply
266 3717 23 19 to

217 3742 23 21 J.
256 3741 25 22 T.
297 3740 146 28 Wicksteed,
456 3749 26 14 or

216 3768 37 23 W.
268 3768 28 22 V.
311 3768 109 27 Brewer,
435 3769 197 23 Manners-street.

52 3815 124 25 Country
190 3813 125 22 Sections
335 3813 43 21 for
397 3813 61 21 Sale
480 3818 36 16 on
536 3813 109 23 Liberal

298 3841 103 20 Terms.

53 3874 167 50 SEVERAL
255 3874 100 22 Sections
384 3874 27 22 of
441 3874 102 28 Country
571 3874 73 28 Land,

117 3901 92 27 already
220 3900 81 23 chosen
312 3902 24 21 in
346 3900 38 23 the
397 3901 96 22 Porirua
507 3901 92 28 district,
611 3902 34 21 for

52 3928 59 29 Sale,
122 3936 74 15 terms
208 3935 105 16 liberal.
342 3928 77 28 Apply
428 3931 24 19 to

149 3962 25 22 F.
190 3962 29 22 A.
234 3962 171 26 Molesworth,
421 3961 188 28 Murphy-street,
620 3970 25 14 or

31 3992 3 9 (
147 3989 38 22 W.
199 3989 30 22 V.
244 3990 113 25 Biiewur,,
362 3989 196 22 Manners-street.

696 140 40 20 To
751 141 58 24 liet,
827 141 67 20 with
912 140 157 21 immediate
1090 140 186 27 possession,'

918 173 34 21 or,
959 167 75 24 Sold,

888 203 4 5 *
903 201 38 29 A^
947 201 103 26 Bargain.

682 235 50 48 A
752 234 87 22 WELL
855 234 63 27 built,
931 234 145 23 comfortable
1093 233 71 23 house
1184 234 27 21 of
1222 235 52 20 four

759 268 81 19 rooms,
855 261 25 21 in
896 264 43 19 two
948 281 3 4 ,
957 264 182 24 cmnpartments,
1150 261 73 22 suited
1237 261 36 21 for

681 290 43 19 two
735 288 64 21 small
809 287 101 26 families,
921 287 53 22 with
983 288 82 21 fenced
1073 288 85 32 garden

681 315 104 27 cropped,
802 314 125 27 pleasantly
944 315 103 26 situated,
1058 315 57 21 with
1123 314 73 22 beach
1204 315 63 21 front

681 348 47 20 age,
740 344 23 18 at
778 341 40 21 the
833 341 107 22 northern
959 341 119 27 extremity
1089 342 26 21 of
1126 341 147 27 Wellington.

682 367 135 22 Particulars
829 368 26 21 of

792 409 4 9 ,
848 400 2 6 '
914 395 3 3 '
966 394 106 22 Johnson
1088 394 46 22 and
1150 394 95 22 Moore.

738 440 39 20 To
789 440 85 20 Stand
888 440 36 22 to.
932 439 94 24 Cover,
1032 439 56 20 this
1105 439 113 25 Season,

844 473 33 20 At
887 470 139 29 Berkampore
1035 473 73 27 Farm,

682 506 60 23 That
751 506 50 23 well
811 506 81 23 known
903 506 65 23 horse
978 506 88 28 Figaro,
1073 525 3 5 ,
1083 506 39 22 the
1135 509 107 25 property
1252 506 25 22 of

867 534 75 21 James
953 533 67 27 Watt,
1032 533 54 28 Esq.

682 567 148 48 FIGARO
840 575 44 14 was
893 565 75 24 foaled
976 567 24 21 in
1013 567 125 22 December
1156 563 61 31 1^37,
1235 569 41 25 got

755 594 30 27 by
796 595 115 26 Operator,
923 594 52 22 dam
985 593 118 28 Adelaide,
1114 593 159 28 byTheorum.

708 628 110 27 Operator
827 635 44 14 was
880 627 74 22 foaled
964 628 23 21 in
997 628 61 26 1832,
1070 630 40 24 got
1122 628 30 26 by
1169 627 103 27 Emilius,

681 654 50 22 dam
736 654 129 22 -Worthless
874 655 30 26 by
915 654 96 28 Walton,
1023 657 40 19 out
1072 654 27 22 of
1112 654 162 28 Altisidoraby

681 681 58 21 Dick
749 681 117 22 Andrews.
1204 693 3 5 •
1213 694 5 10 »

708 708 72 27 Every
791 708 109 22 attention
911 708 45 22 will
965 708 27 21 be
1002 707 53 29 paid
1065 710 23 20 to
1103 715 72 15 mares
1189 710 52 19 sent
1250 711 24 19 to

679 734 54 22 him.

707 762 97 26 Charges
823 761 34 22 for
876 760 55 23 each
948 768 69 20 mare,
1038 761 54 22 with
1110 769 14 14 a
1142 765 130 24 guarantee,

679 795 68 15 seven
756 789 105 27 guineas;
877 788 94 22 without
978 792 132 24 guarantee,
1120 788 43 22 five
1171 788 93 27 guineas

680 816 126 26 Groomage
815 815 112 23 included.
1220 836 3 5 ,
1237 835 5 2 .

807 861 54 21 For
875 861 69 25 Sale,
957 861 60 26 just
1031 860 116 25 arrived,

686 910 23 18 f*
716 910 68 18 £\£\
801 894 22 22 R
824 894 17 32 ?
844 895 21 21 A
862 922 5 5 .
867 894 42 22 MS
928 896 27 20 of
975 894 41 32 PA
1019 894 59 22 PER
1079 911 5 9 >
1106 894 122 28 consisting
1248 893 26 23 of

681 916 103 39 f)lMI
800 922 100 27 printing
911 922 151 26 demy,-letter
1074 921 46 22 and
1134 924 53 19 note
1202 920 78 33 paper'

801 948 27 22 of
837 949 90 21 various
938 950 56 20 sizes
1001 948 44 22 and
1053 948 110 28 qualities,
1174 948 98 27 blotting

679 983 74 20 paper,
764 976 66 22 white
841 976 47 22 and
896 975 112 27 coloured,
1023 975 51 22 blue
1086 975 122 27 wrapping,
1219 975 51 27 bag,

680 1003 68 27 Kent,
759 1003 68 26 hand,
838 1003 45 21 and
892 1002 102 28 imperial
1004 1003 77 21 brown
1091 1009 77 21 paper.

717 1049 39 20 To
771 1048 131 26 Captains
914 1047 54 21 and
980 1048 92 20 Mates
1089 1047 31 21 of
1131 1047 113 21 vessels.

679 1082 93 48 LOG
791 1082 74 22 Books
883 1081 36 22 for
933 1081 49 22 Sale
999 1084 24 19 at
1041 1080 38 22 the
1095 1080 71 23 Office
1185 1080 27 22 of
1226 1080 45 23 this

755 1116 75 20 paper.

709 1137 86 20 Gazette
809 1136 77 25 Office,
896 1135 60 23 Nov.
967 1136 33 26 26,
1011 1136 61 21 1841.
1217 1151 15 10 

929 1180 85 21 Land.

682 1215 65 48 TO
771 1215 38 22 BE
834 1214 64 27 LET,
923 1213 38 22 the
980 1213 115 28 following
1114 1216 60 19 town
1199 1220 70 20 acres,

745 1242 54 21 Nos.
810 1249 29 14 on
849 1242 38 21 the
898 1241 112 26 Surveyor
1026 1240 117 23 General's
1155 1240 63 26 Plan,
1234 1242 34 25 84,

678 1270 34 25 85,
722 1270 48 25 264,
780 1270 49 24 384,
839 1270 49 26 385,
901 1269 49 25 400,
968 1269 47 26 640,
1026 1268 48 27 516,
1093 1268 47 26 747,
1155 1268 49 26 790,
1221 1268 47 26 863,

678 1297 47 25 966,
736 1297 47 26 967,
799 1296 61 22 1056.

705 1323 55 21 And
782 1331 15 13 a
819 1323 83 21 section
924 1325 23 18 at
969 1322 135 27 Wanganui,
1130 1321 83 22 chosen
1237 1320 31 28 by

677 1350 44 21 Mr.
733 1350 55 27 Bell,
800 1350 44 22 No.
855 1357 29 14 on
894 1349 56 22 Plan
961 1350 47 21 158.

704 1377 34 21 To
754 1377 27 21 be
800 1376 55 28 sojd,
867 1384 14 14 a
890 1376 85 22 section
985 1379 23 18 at
1017 1375 136 27 Wanganui.

703 1404 74 28 Apply
788 1407 22 18 to

789 1431 144 21 Alexander
947 1429 87 27 Perry,
1049 1429 192 27 Lambton-quay.

870 1483 79 21 Land
959 1482 42 21 for
1011 1482 66 21 sale.

679 1517 92 50 THE
789 1517 92 22 TOWN
897 1515 83 23 ACRE
996 1515 125 23 numbered
1137 1517 27 20 93
1182 1522 30 14 on
1230 1514 38 22 the

740 1543 240 29 Surveyor-General's
992 1550 59 19 map,
1064 1542 46 22 and
1120 1542 37 22 the
1173 1541 95 28 courftry

679 1572 85 21 section
773 1570 124 23 numbered
905 1571 34 26 27,
948 1577 30 14 on
985 1570 38 21 the
1033 1569 164 22 Poriruaßoad
1204 1577 6 19 ;
1222 1569 46 21 also

679 1598 37 23 the
727 1602 58 18 town
797 1605 50 15 acre
864 1597 124 22 numbered
997 1598 40 21 383
1055 1604 29 14 on
1095 1596 38 22 the
1142 1604 61 19 map,
1214 1595 53 23 with

678 1626 38 22 the
726 1628 95 25 country
832 1625 85 22 section
925 1625 25 21 in
961 1624 38 21 the
1009 1623 65 22 order
1083 1623 27 22 of
1123 1623 77 22 choice
1208 1624 49 21 434.

1001 1658 86 22 Henry
1098 1658 32 20 St.
1141 1657 71 22 Hill.

759 1704 133 27 Building
902 1704 170 20 Allotments
1081 1705 31 19 to
1127 1703 57 20 Let.

679 1739 51 49 A
757 1738 133 22 NUMBER
903 1737 26 22 of
939 1738 70 21 Town
1027 1736 71 23 Acres
1118 1736 24 21 in
1159 1736 39 21 the
1208 1739 60 19 most

759 1765 110 23 desirable
879 1765 117 21 situations
1007 1764 173 26 inWellingtbn,
1198 1766 23 19 to
1236 1764 29 21 be

678 1793 31 21 let
719 1800 29 14 on
758 1792 59 22 lease
829 1800 24 14 or
863 1792 122 26 otherwise,
994 1790 45 23 and
1048 1791 44 21 will
1099 1791 29 21 be
1134 1790 133 22 subdivided

679 1824 22 18 to
711 1820 45 22 suit
765 1823 97 19 tenants.
891 1819 65 24 Plans
970 1818 45 22 and
1029 1818 132 28 particulars
1177 1824 52 20 may
1238 1817 29 22 be

677 1847 75 22 learnt
762 1854 29 14 on
802 1846 133 29 application
943 1849 23 19 to

1013 1872 87 22 Henry
1116 1872 36 22 St.
1167 1871 70 22 Hill.

697 1920 86 20 Town
799 1919 55 21 and
869 1919 122 26 Country
1004 1918 79 21 Land
1097 1919 31 19 to
1141 1917 35 21 be
1190 1917 60 20 Let.

681 1953 166 49 SECTIONS
863 1952 46 22 and
924 1952 99 27 portions
1040 1951 26 21 of
1080 1950 102 22 Sections
1196 1950 26 22 in
1236 1949 31 22 all

749 1983 60 24 parts
826 1979 25 21 of
866 1979 37 21 the
923 1978 69 22 Town
1010 1978 27 22 of
1052 1977 147 27 Wellington,
1219 1976 47 22 also

679 2007 99 27 Country
787 2006 101 22 Sections
902 2006 24 21 in
936 2006 39 21 the
991 2005 96 22 districts
1105 2004 26 22 of
1143 2004 39 22 the
1198 2003 67 27 Hutt,

678 2034 38 22 the
729 2033 85 27 Kaiori,
826 2033 37 21 the
874 2032 75 26 Ohiro,
962 2032 46 22 and
1020 2032 37 21 the
1072 2032 99 21 Porirua.
1201 2030 66 27 Long

676 2061 72 21 leases
759 2061 24 20 of
790 2060 39 22 the
845 2062 94 24 country
949 2059 54 21 land
1018 2058 47 22 will
1079 2058 30 22 be
1123 2057 96 27 granted
1236 2064 31 15 on

677 2087 130 23 reasonable
818 2091 75 17 terms.
922 2086 44 22 For
975 2085 131 28 particulars
1116 2084 67 28 apply
1193 2087 24 18 to

869 2120 98 23 Hanson
978 2120 47 21 and
1038 2120 113 21 Alzdobv

904 2153 123 23 Thorndon
1041 2153 73 27 Quay.
1126 2151 140 27 Wellington

816 2200 41 21 To
872 2198 252 28 Agriculturalists.

677 2235 90 49 FOR
776 2233 85 28 SALE,
870 2241 14 14 a
890 2233 64 22 small
962 2232 104 28 quantity
1072 2232 26 21 of
1104 2239 55 20 very
1166 2231 101 27 superior

750 2261 53 23 seed
813 2261 78 27 wheat,
903 2261 46 21 also
959 2267 15 14 a
983 2259 65 22 small
1062 2259 104 28 quantity
1177 2258 26 22 of
1213 2258 54 22 seed

677 2289 75 28 barley
763 2289 93 21 without
864 2287 65 28 husk,
940 2287 54 22 both
1004 2293 77 20 grown
1097 2286 26 22 in
1140 2286 37 21 the
1192 2285 75 27 valley
1274 2298 2 7 .

677 2318 24 20 of
714 2317 38 21 the
761 2316 66 25 Hutt,
839 2315 45 22 and
893 2314 124 22 warranted
1027 2313 26 22 of
1063 2313 39 22 the
1112 2313 49 21 first
1171 2312 94 28 quality.

677 2343 44 22 £or
730 2343 139 28 particulars,
882 2341 66 28 apply
958 2344 24 18 to

841 2377 24 21 C.
876 2376 26 22 E.
912 2375 51 22 Yon
975 2375 118 26 Alzdorf,
1109 2373 88 23 Petorii.

677 2423 140 49 HOUSE
832 2421 40 23 TO
888 2421 64 27 LET,
969 2420 89 22 WELL
1072 2419 193 27 FURMSHED,

764 2450 23 21 in
809 2456 42 15 one
867 2449 26 22 of
914 2448 37 22 the
968 2451 59 19 most
1043 2447 104 28 pleasant
1164 2450 62 25 parts
1244 2446 27 22 of

676 2478 146 26 Wellington.
853 2475 76 28 Apply
938 2479 23 18 to

956 2509 91 27 White,
1059 2508 46 23 and
1114 2508 125 23 Wallace.

703 2546 61 22 Nov.
776 2546 35 27 30,
822 2546 61 20 1841.
1222 2548 45 28 |_

817 2590 88 21 Town
919 2589 86 21 Acres
1019 2590 30 19 to
1065 2588 58 21 Let.

675 2623 180 51 NUMBERS
867 2630 28 14 on
906 2622 38 22 the
952 2620 243 30 Surveyor-General's
1204 2628 62 20 map,

865 2651 42 21 510
1070 2649 42 21 263

703 2679 45 22 For
754 2677 139 29 particulars,
903 2676 68 29 apply
978 2679 23 19 to
1011 2675 109 28 Wallace,
1133 2674 80 26 White,
1224 2674 45 22 and

676 2706 108 22 Wallace.
1262 2729 5 4 .

676 2752 81 22 PORT
778 2749 182 24 NICHOLSON
990 2748 68 23 AND
1082 2748 187 23 WANGANUI.

790 2785 92 21 Lands
892 2786 29 19 to
931 2784 33 21 be
976 2785 49 20 Let
1036 2789 30 15 or
1076 2783 74 21 Sold.

677 2819 166 50 SEVERAL
862 2819 70 22 Town
950 2818 45 21 and
1010 2818 101 26 Country
1130 2816 97 23 sections
1244 2817 24 22 in

740 2846 40 22 the
792 2847 54 21 Port
855 2844 125 23 Nicholson
997 2844 91 28 district,
1105 2844 45 21 and
1169 2844 102 28 Country

675 2874 98 22 sections
778 2874 24 22 in
813 2872 37 23 the
860 2872 128 28 Wanganui
997 2872 92 26 district,
1100 2870 53 23 with
1163 2871 38 22 the
1210 2872 61 26 right

675 2902 27 20 of
722 2901 61 27 early
791 2920 4 2 .
802 2900 88 22 choices
909 2899 82 27 (under
1007 2898 35 27 14)
1061 2898 26 22 of
1107 2897 39 22 the
1161 2898 109 23 intended

675 2928 111 27 township
793 2928 69 26 there,
871 2929 23 19 to
899 2926 29 22 be
933 2926 50 22 sold
989 2933 25 14 or
1019 2925 40 22 let.
1087 2925 46 22 For
1139 2925 131 27 particulars

675 2955 47 23 and
731 2959 75 23 terms,
817 2954 67 28 apply
894 2957 22 18 to

862 2989 95 20 Robert
970 2987 29 21 R.
1014 2987 110 26 Strang,-
1131 2985 110 24 Solicitor.

700 3014 149 28 Wellington,
859 3015 58 22 Nov.
928 3016 34 26 25,
974 3015 51 20 1841

890 3058 167 28 Wanganui.

676 3095 90 50 FOR
780 3093 85 24 SALE.
866 3105 29 4 —
895 3093 66 22 Land
978 3093 101 22 between
1099 3099 44 15 one
1162 3091 45 23 and
1225 3095 44 19 two

749 3121 64 22 miles
830 3121 26 21 of
867 3121 38 21 the
919 3119 111 28 township
1048 3123 24 18 at
1090 3119 130 28 Wanganui
1234 3120 36 21 for

675 3149 54 27 sale,
739 3149 25 22 in
775 3148 76 23 blocks
861 3149 26 20 of
897 3147 43 22 five
950 3154 63 15 acres
1026 3147 44 22 and
1086 3147 109 28 upwards,
1207 3154 26 14 or
1246 3150 23 18 to

675 3176 33 22 let
717 3183 30 16 on
759 3183 55 20 very
825 3174 78 23 liberal
914 3177 75 24 terms,
1000 3173 53 23 with
1063 3173 39 23 the
1116 3173 59 28 right
1185 3173 26 21 of
1217 3180 53 21 pur-

676 3203 75 22 chase.
780 3202 75 28 Apply
865 3206 24 18 to
898 3202 28 21 R.
936 3201 67 27 Park,
1014 3201 62 28 Esq.,
1086 3208 25 14 or
1120 3204 25 18 to

1016 3235 23 21 J.
1053 3234 47 22 and
1115 3234 29 22 G.
1158 3233 84 23 Wade.

675 3281 119 50 LAND
815 3281 40 22 TO
878 3281 95 22 LET.—
973 3280 71 22 Town
1068 3286 63 15 acres
1154 3279 45 22 No.
1219 3280 48 26 168,

754 3310 45 26 156,
810 3310 49 26 423,
876 3309 34 26 47,
921 3309 48 26 561,
982 3308 48 26 559,
1049 3306 46 22 and
1107 3313 70 20 many
1182 3305 86 23 -others

674 3337 26 22 in
709 3336 38 22 the
757 3339 59 18 most
825 3334 108 23 desirable
947 3334 125 23 situations.
1101 3333 57 22 Also
1172 3336 97 24 country

675 3363 55 23 land
738 3370 29 15 on
777 3363 38 22 the
824 3362 72 22 banks
907 3362 26 21 of
939 3362 37 21 the
987 3361 75 27 River.
1067 3361 60 21 Hutt
1136 3360 45 22 and
1191 3366 29 16 on
1230 3359 38 22 the

675 3390 96 23 Porirua
780 3389 62 23 road.
870 3389 77 27 Apply
957 3392 23 18 to
1078 3396 5 10 '

1029 3430 4 3 .
1066 3414 22 22 J.
1103 3413 38 22 W.
1156 3414 83 26 Ciiilp.

890 3462 39 20 To
943 3462 35 20 be
993 3461 58 24 Let,

678 3495 165 52 SEVERAL
856 3494 92 23 TOWN
960 3493 105 27 ACRES,
1074 3493 24 22 in
1108 3493 90 22 various
1207 3495 62 24 parts

742 3523 27 23 of
780 3523 145 26 Wellington.
954 3521 45 22 For
1007 3520 140 28 particulars,
1163 3519 65 29 apply
1244 3523 32 19 to-

854 3557 26 21 E.
896 3556 143 26 Catchpool,
1051 3554 108 23 Dickson-
1164 3557 77 19 street.

676 3604 67 48 TO
759 3603 38 22 BE
813 3603 66 27 LET,
896 3601 37 23 the
950 3605 60 19 town
1028 3608 51 15 acre
1095 3601 45 21 No.
1150 3601 49 26 210,
1210 3608 31 14 on
1254 3608 15 14 a

740 3641 4 3 ■
750 3630 104 27 building
863 3630 68 26 lease,
940 3629 35 22 for
984 3629 104 21 fourteen
1097 3634 74 21 years.

702 3664 33 21 To
743 3664 30 21 be
783 3664 32 21 let
822 3670 26 15 or
857 3662 55 27 sold,
923 3662 39 22 the
972 3665 58 18 town
1040 3669 51 14 acre
1100 3660 46 23 No.
1156 3662 48 21 642.

702 3691 32 21 To
744 3691 29 21 be
790 3690 55 26 sold,
856 3690 39 22 the
910 3689 145 28 preliminary
1067 3689 115 26 (country)
1201 3687 67 23 Land

675 3717 73 22 Order
768 3717 43 21 No.
830 3718 47 26 153,
898 3716 73 22 which
991 3715 76 22 stands
1087 3716 84 20 seventh
1186 3715 25 22 in
1229 3715 39 22 the

675 3744 65 22 order
750 3744 26 21 of
780 3744 78 22 choice
868 3747 24 18 at
900 3743 38 22 the
947 3746 57 19 next
1014 3742 109 22 selection
1133 3742 26 22 of
1172 3745 96 25 country

674 3771 106 22 sections.
808 3770 77 28 Apply
895 3772 24 19 to

948 3797 23 22 J.
986 3796 27 22 T.
1027 3796 148 28 Wicksteed,
1189 3813 3 4 .

1012 3823 227 26 Hawkatone-street,

769 3869 157 25 Stationery
942 3868 61 27 just
1017 3869 154 24 unpacked.

675 3903 72 49 ON
762 3902 87 26 SALE,
863 3905 24 18 at
896 3901 39 22 the
946 3902 87 20 Gazette
1050 3900 79 27 Office,
1147 3907 28 15 an
1187 3903 89 20 exten-'

752 3930 47 21 sive
808 3928 47 23 and
863 3928 77 23 varied
949 3930 135 21 assortment
1100 3927 27 22 of
1145 3928 126 30 stationery

674 3957 26 21 of
711 3963 67 19 every
788 3956 143 26 description.

676 4005 3 5 ,
700 3983 129 23 November
844 3983 33 26 26,
889 3982 61 22 1841.
1077 3982 6 6 s
1204 4005 6 2 _
