2529 3970
1926 1250 60 23 Mrs.
2010 1251 118 28 Moroner,
2141 1252 39 23 the
2197 1252 50 23 wife
2263 1252 25 23 of
2307 1261 14 14 a
2342 1254 89 28 captain
2450 1253 25 24 in

1890 1282 38 23 the
1945 1283 223 30 merchant-service,
2192 1286 51 22 who
2260 1286 158 30 accompanied
2436 1286 39 23 the

1888 1315 44 23 late
1945 1315 51 23 Mrs
2016 1316 109 29 M'Lean,
2143 1315 122 33 (formerly
2284 1318 59 23 Miss
2354 1318 119 32 Landon,)

1890 1352 22 19 to
1926 1348 62 30 Cape
2001 1349 77 29 Coast,
2096 1350 89 30 applied
2201 1355 23 18 to
2243 1351 37 23 the
2298 1351 136 30 Magistrate
2453 1357 23 17 at

1891 1381 197 24 Lambeth-street
2100 1383 72 28 office,
2185 1390 30 16 on
2227 1383 129 31 Thursday,
2368 1388 22 18 to
2405 1383 71 24 know

1888 1414 50 23 how
1961 1414 41 23 she
2025 1414 81 24 should
2129 1420 88 26 protect
2239 1416 85 23 herself
2350 1416 58 23 from
2436 1417 40 23 the

1889 1454 130 23 annoyance
2029 1447 104 24 incurred
2144 1448 30 30 by
2182 1456 61 16 some
2250 1449 130 30 gentlemen
2391 1449 85 32 calling

1889 1487 28 16 on
1928 1480 41 23 her
1981 1480 46 23 and
2036 1481 108 30 insisting
2156 1489 28 14 on
2192 1482 37 23 the
2242 1482 98 30 delivery
2354 1482 25 23 of
2393 1489 83 24 papers

1889 1512 124 23 connected
2024 1513 55 23 with
2091 1513 60 23 Mrs.
2165 1514 123 23 M'Lean's
2299 1515 87 23 sudden
2397 1515 77 23 death.

1889 1545 46 24 She
1947 1545 49 24 said
2012 1545 58 24 their
2088 1546 112 31 language
2212 1555 45 15 was
2270 1547 148 31 threatening,
2432 1548 44 23 and

1888 1578 59 23 their
1965 1578 97 23 conduct
2079 1587 54 22 very
2152 1580 115 23 offensive.
2314 1580 46 23 Mr.
2385 1580 90 24 Norton

1888 1611 92 23 advised
1992 1611 40 23 her
2049 1615 23 19 to
2091 1611 42 23 call
2154 1620 13 15 a
2185 1613 131 24 Policeman
2337 1613 65 23 when
2421 1613 55 31 they

1888 1648 55 19 next
1954 1644 104 30 annoyed
2069 1644 48 29 her,
2130 1645 45 23 and
2185 1646 52 29 give
2248 1646 62 22 them
2317 1646 46 22 into
2373 1646 101 29 costody.

1923 1677 151 23 Commander
2088 1677 90 31 George
2190 1679 75 30 Byng,
2290 1679 26 22 of
2335 1678 38 23 the
2390 1677 86 31 Racer,

1891 1711 38 27 16,
1943 1717 45 16 was
2001 1709 105 24 drowned
2117 1711 24 22 in
2152 1710 37 23 the
2201 1711 79 23 rollers
2298 1712 26 22 of
2338 1710 63 25 Vera
2413 1711 62 24 Cruz

1889 1750 30 15 on
1930 1742 38 24 the
1983 1742 56 24 14th
2052 1743 25 22 of
2093 1743 64 31 Sept.
2194 1743 51 24 The
2262 1743 109 24 deceased
2382 1743 40 23 left
2434 1744 42 24 the

1888 1775 77 23 Racer
1976 1776 25 22 in
2013 1783 13 15 a
2036 1776 48 30 gig,
2098 1783 28 18 oo
2137 1776 48 23 that
2197 1776 51 31 day,
2267 1776 160 31 accompanied
2444 1777 32 30 by

1889 1808 48 23 Mr.
1950 1808 77 30 Byng,
2039 1809 37 22 his
2089 1809 87 28 cousin,
2189 1817 40 15 son
2239 1809 24 23 of
2278 1809 38 23 the
2324 1809 152 24 Honourable

1890 1840 66 32 Capt.
1970 1841 77 30 Byng.
2088 1841 76 23 When
2177 1843 102 29 crossing
2290 1842 38 25 th,e
2339 1842 42 23 bar
2397 1842 25 23 of
2436 1842 40 23 the

1889 1874 66 28 river,
1969 1874 39 22 the
2019 1874 51 22 surf
2085 1882 46 15 was
2143 1882 25 15 so
2181 1875 55 30 high
2255 1875 48 23 that
2321 1875 37 23 the
2377 1875 40 30 gig
2428 1882 48 16 was

1888 1910 66 26 upset
1962 1915 6 20 ;
1989 1906 38 23 the
2039 1908 89 29 captain
2142 1907 43 22 and
2198 1908 112 23 coxswain
2322 1907 106 31 regained
2437 1907 39 24 the

1889 1939 60 28 boat,
1967 1940 45 22 and
2030 1940 115 22 remained
2164 1940 100 31 clinging
2282 1945 23 18 to
2320 1941 19 22 it
2354 1948 30 15 an
2401 1940 58 23 hour
2468 1949 7 20 ;

1890 1971 81 30 during
1990 1971 38 23 the
2046 1972 97 23 interval
2160 1973 37 22 the
2210 1973 150 30 midshipmen
2378 1973 44 23 and
2437 1973 39 22 the

1889 2011 91 14 seamen
2001 2004 97 22 reached
2116 2004 39 22 the
2173 2005 74 27 shore,
2267 2005 45 22 and
2329 2004 56 23 then
2404 2006 72 21 much

1889 2035 133 29 exhausted,
2035 2035 156 24 endeavoured
2204 2041 22 19 to
2236 2043 94 24 procure
2341 2038 134 29 assistance;

1889 2069 41 22 but
1943 2076 27 15 no
1982 2076 41 15 one
2035 2069 68 22 could
2112 2069 29 23 be
2158 2069 95 24 induced
2265 2074 23 19 to
2301 2077 61 16 cross
2375 2070 38 23 the
2424 2070 51 24 bar.

1891 2101 97 31 Captain
2000 2102 68 30 Byng
2080 2101 44 23 and
2136 2102 39 22 the
2192 2103 113 23 coxswain
2322 2110 59 15 were
2398 2107 23 19 at
2432 2103 45 23 last

1889 2134 91 23 washed
1991 2134 59 23 from
2062 2134 38 23 the
2111 2135 42 30 gig
2163 2135 30 31 by
2204 2143 14 14 a
2225 2135 143 24 tremendous
2377 2143 45 21 sea,
2431 2136 46 23 and

1889 2166 37 23 the
1939 2167 113 23 coxswain
2063 2167 66 23 alone
2141 2168 123 23 succeeded
2278 2169 22 22 in
2317 2168 107 31 reaching
2435 2168 41 24 the

1891 2199 66 23 shore
1969 2199 58 23 alive
2036 2209 6 19 ;
2063 2199 39 24 the
2113 2201 90 29 captain
2215 2208 68 15 swam
2295 2209 14 14 a
2314 2201 54 30 long
2375 2201 102 23 distance

1889 2232 75 23 before
1976 2232 37 23 his
2025 2232 103 31 strength
2140 2233 69 23 failad
2225 2234 56 28 him,
2300 2234 45 22 and
2356 2234 65 22 when
2434 2234 42 23 ob-

1889 2265 80 23 served
1987 2265 57 23 from
2063 2265 39 23 the
2120 2265 67 24 shore
2208 2266 29 23 he
2261 2274 44 15 was
2328 2267 96 30 making
2445 2275 31 14 no

1889 2305 114 23 progress.
2039 2298 61 23 Two
2111 2298 26 23 of
2151 2298 36 23 his
2198 2299 73 23 boat's
2289 2307 56 16 crew
2361 2304 60 19 went
2437 2304 40 19 out

1889 2335 23 19 to
1924 2331 70 23 assist
2004 2330 47 24 him
2058 2340 6 19 ;
2078 2331 41 23 but
2131 2331 52 31 they
2196 2332 51 31 only
2260 2332 69 24 found
2340 2331 36 24 his
2386 2340 89 23 corpse,

1889 2364 74 23 which
1975 2363 55 30 they
2039 2364 101 29 brought
2152 2372 29 15 on
2193 2364 75 24 shore.

1922 2404 230 23 Extraordinary
2168 2405 73 24 Feat
2255 2413 31 16 of
2307 2405 56 24 Sam
2383 2405 90 29 Scott,

1890 2444 50 16 the
1952 2437 143 23 American
2114 2437 95 24 Diver.
2245 2438 128 31 Yesterday
2385 2446 29 15 an
2431 2439 45 22 im-

1889 2477 78 16 mense
1987 2470 142 30 assemblage
2147 2470 24 23 of
2190 2479 95 23 persons
2305 2479 44 15 was
2369 2471 109 23 collected

1889 2510 31 16 on
1931 2503 75 23 South
2007 2510 44 16 war
2053 2502 117 31 k-bridge,
2180 2504 24 22 in
2223 2504 65 23 order
2298 2508 24 19 to
2333 2504 92 23 witness
2437 2504 40 23 the

1889 2536 98 30 exploits
1999 2536 26 23 of
2037 2536 56 23 Sam
2112 2537 73 27 Scott,
2197 2537 125 22 soi-disant
2332 2537 38 22 the
2384 2537 93 23 Ameri-

1889 2577 42 15 can
1944 2569 70 28 diver,
2026 2568 42 23 but
2086 2569 50 23 who
2154 2570 21 22 is
2193 2570 117 29 generally
2329 2570 105 30 reported
2454 2573 23 20 to

1888 2601 59 23 have
1957 2601 112 23 breathed
2079 2601 52 24 first
2149 2606 23 19 at
2190 2602 122 31 Deptford.
2348 2602 51 23 The
2417 2603 61 22 river

1889 2642 46 15 was
1958 2634 98 23 blocked
2078 2643 30 22 up
2132 2634 55 24 with
2214 2635 110 23 immense
2345 2643 88 15 masses
2456 2636 26 22 of

1888 2667 95 31 floating
1994 2668 41 28 ice,
2048 2667 46 23 and
2110 2668 20 22 it
2148 2675 44 15 was
2213 2667 109 31 expected
2336 2669 28 29 by
2378 2668 37 29 all,
2427 2668 51 23 that

1889 2700 22 23 if
1920 2700 65 23 Scott
1996 2700 111 23 ventured
2117 2700 37 23 his
2172 2700 100 31 perilous
2289 2701 51 30 leap
2357 2709 15 14 a
2384 2701 95 29 serious,

1890 2733 22 23 if
1926 2738 40 18 not
1986 2733 63 28 fatal,
2070 2733 103 23 accident
2197 2738 23 18 to
2243 2733 47 23 him
2312 2738 63 18 must
2397 2741 80 16 ensue.

1890 2766 34 23 At
1935 2765 63 24 three
2011 2766 87 23 o'cloi-k
2109 2766 29 23 he
2151 2773 62 16 came
2232 2774 30 15 on
2280 2766 39 23 the
2331 2766 77 31 bridge
2419 2766 60 24 from

1891 2798 125 29 Bankside,
2029 2798 52 29 and,
2093 2798 59 23 after
2163 2798 38 24 the
2218 2799 66 23 usual
2296 2799 140 29 collections,
2448 2799 30 23 he

1891 2831 56 24 took
1957 2831 37 23 his
2013 2831 67 23 stand
2099 2839 52 16 over
2170 2832 38 23 the
2225 2836 76 19 centre
2320 2832 54 23 arch
2392 2832 26 23 of
2441 2832 39 23 the

1890 2864 78 31 bridge
1977 2873 6 20 ;
1995 2864 29 23 he
2036 2864 123 24 continued
2170 2864 61 29 here,
2251 2865 44 23 and
2310 2865 115 23 exhibited
2442 2865 39 23 the

1890 2897 58 23 feats
1958 2897 75 23 which
2044 2898 18 21 it
2081 2898 21 22 is
2117 2897 37 23 his
2173 2902 87 19 custom
2280 2902 23 19 to
2316 2897 27 24 do
2379 2898 57 23 such
2453 2905 26 16 as

1891 2930 140 31 suspending
2041 2930 97 23 himself
2149 2931 31 30 by
2191 2930 36 23 his
2239 2930 66 29 neck,
2319 2931 43 23 &c.
2399 2930 23 24 It
2433 2938 46 16 was

1891 2963 98 29 evident,
2008 2963 111 28 however,
2138 2968 24 19 to
2181 2963 31 23 all
2229 2964 48 23 that
2289 2972 13 15 a
2314 2963 90 24 descent
2420 2963 60 24 from

1891 2996 49 23 that
1952 3000 51 27 spot
2015 2995 66 23 could
2092 3000 41 19 not
2144 2996 29 23 be
2183 2996 74 28 made,
2272 2996 44 23 and
2328 2997 56 23 Sam
2403 2996 74 29 Scott,

1891 3029 58 23 after
1960 3036 66 15 some
2035 3029 55 22 time
2103 3029 73 23 called
2187 3034 47 24 out,
2271 3029 144 28 Gentlemen,
2432 3037 47 22 you

1891 3062 28 23 do
1930 3065 40 20 not
1982 3065 59 19 want
2054 3065 23 19 to
2091 3069 37 16 see
2147 3070 14 15 a
2178 3069 54 16 man
2249 3062 72 23 break
2338 3062 38 23 his

1892 3095 85 23 Cheers
2000 3093 105 24 followed
2134 3094 46 23 this
2206 3098 188 25 announcement,
2425 3095 53 28 and,

1890 3127 90 30 leaving
1992 3126 38 23 the
2041 3126 136 31 scaffolding
2180 3127 97 28 .erected
2288 3135 52 15 over
2352 3127 38 23 the
2401 3132 78 19 centre

1891 3160 61 29 arch,
1971 3160 29 22 he
2016 3159 127 31 proceeded
2160 3164 22 18 to
2199 3159 39 24 the
2250 3159 60 24 third
2322 3168 28 15 on
2362 3160 39 23 the
2411 3160 70 24 north

1891 3193 74 28 shore,
1978 3192 52 28 and,
2042 3192 70 30 being
2124 3192 54 31 only
2189 3192 83 24 attired
2280 3193 24 23 in
2316 3201 13 14 a
2340 3192 53 24 blue
2404 3192 75 25 check

1891 3225 58 24 shirt
1960 3225 46 24 and
2016 3232 84 17 canvas
2110 3229 115 25 trowsers,
2237 3225 29 23 he
2283 3225 112 24 ascended
2407 3230 23 19 to
2441 3226 40 24 the

1891 3259 117 22 crossbars
2020 3259 24 22 of
2060 3258 39 23 the
2109 3257 62 33 lamp
2183 3259 53 28 and,
2244 3259 84 30 having
2342 3260 66 29 again
2420 3266 61 24 gone

1891 3292 99 29 through
2001 3291 36 23 his
2050 3291 81 28 tricks,
2144 3291 29 23 he
2184 3290 106 32 inquired
2301 3292 25 22 of
2340 3292 40 22 the
2399 3297 81 18 water-

1891 3332 54 16 men
1956 3324 72 23 below
2037 3324 21 23 if
2074 3323 30 23 all
2116 3332 46 14 was
2174 3324 48 23 safe
2229 3325 10 23 ?
2274 3325 35 23 At
2319 3325 46 22 this
2378 3325 54 23 time
2442 3325 39 24 the

1891 3358 35 22 ice
1943 3365 46 15 was
2008 3357 92 30 flowing
2117 3364 63 15 more
2198 3358 25 21 in
2243 3357 39 23 the
2302 3362 76 18 centre
2397 3357 26 23 of
2443 3358 39 22 the

1892 3394 91 24 stream,
1993 3389 44 23 and
2045 3389 38 23 the
2091 3394 121 18 watermen
2221 3390 95 31 replied,

1892 3423 46 23 and
1949 3422 55 24 with
2016 3430 29 15 an
2064 3422 125 31 antelope's
2209 3423 77 23 bound
2303 3423 37 23 the
2357 3424 63 22 diver
2436 3431 47 15 was

1891 3455 72 24 under
1974 3459 78 19 water.
2089 3454 41 24 He
2141 3462 51 16 rose
2204 3456 24 23 in
2241 3464 12 15 a
2264 3457 44 22 few
2320 3456 102 28 seconds,
2429 3456 52 29 legs

1892 3489 59 29 first,
1965 3488 55 23 then
2032 3488 66 23 down
2107 3487 56 31 they
2172 3493 68 25 went,
2253 3490 44 23 and
2314 3489 35 23 his
2366 3488 61 28 head,
2441 3488 45 23 and

1891 3521 52 23 half
1956 3521 38 23 his
2004 3520 61 31 body
2076 3521 121 30 appeared.
2234 3521 40 24 He
2286 3530 70 15 swam
2366 3522 68 22 about
2446 3521 37 23 for

1893 3562 63 15 some
1973 3554 57 23 time
2049 3561 85 23 among
2152 3554 38 23 the
2210 3554 95 31 floating
2323 3554 40 29 ice,
2384 3554 44 23 and
2438 3561 46 16 was

1893 3586 69 24 taken
1973 3587 49 22 into
2034 3594 14 15 a
2058 3586 54 24 boat
2122 3587 46 23 and
2180 3587 113 31 conveyed
2312 3587 87 23 ashore.
2446 3586 40 24 He

1893 3620 112 30 promises
2025 3623 23 19 to
2068 3619 28 23 do
2114 3620 70 23 much
2203 3627 62 16 more
2277 3624 131 19 to-morrow
2418 3628 6 20 ;
2444 3619 42 23 but

1894 3657 30 18 at,
1933 3652 39 23 the
1991 3656 93 27 present
2105 3656 59 20 state
2182 3652 26 23 of
2229 3652 38 23 the
2286 3653 66 28 river,
2364 3652 66 23 when
2441 3656 45 18 two

1894 3685 79 23 inches
1994 3685 53 30 only
2069 3685 26 22 of
2114 3686 35 22 ice
2166 3693 53 22 may
2229 3685 29 23 be
2271 3693 29 15 on
2312 3685 38 23 the
2361 3684 90 25 surface
2464 3684 25 23 of

1895 3718 40 22 the
1956 3721 78 25 water,
2059 3717 45 24 and
2128 3718 64 23 twice
2214 3718 49 22 that
2284 3717 97 24 number
2401 3717 25 23 of
2440 3717 46 23 feet

1895 3751 81 28 below,
1997 3751 19 22 it
2026 3751 20 22 is
2058 3750 78 31 surely
2148 3759 14 14 a
2178 3758 54 22 very
2250 3750 128 30 dangerous
2397 3750 90 31 experi-

1895 3787 72 20 ment.
2011 3783 25 23 If
2058 3783 47 24 this
2123 3791 53 16 man
2197 3783 49 22 lose
2263 3783 36 22 his
2314 3782 40 23 life
2370 3783 25 22 in
2408 3790 43 16 one
2469 3783 24 23 of

1895 3816 67 24 these
1985 3820 117 27 attempts,
2121 3817 26 23 in
2168 3815 61 25 what
2251 3815 108 23 situation
2384 3815 44 23 will
2449 3815 38 23 the

1897 3853 142 27 proprietors
2053 3848 26 24 of
2093 3848 39 24 the
2142 3847 80 31 bridge
2229 3847 32 24 Tie
2270 3848 18 23 ?'
2310 3847 24 24 It
2343 3848 21 23 is
2377 3848 48 23 said
2437 3848 53 31 they

1887 3882 2 30 j
1900 3883 52 29 give
1961 3881 69 25 Scott
2039 3881 51 24 half
2106 3881 41 24 the
2157 3880 124 32 profits.:
2283 3874 125 31 Ctfromc/e.

525 33 101 32 THE
649 30 110 34 NEW
777 33 229 33 ZEALAND
1027 35 217 33 GAZETTE
1265 37 98 31 AND
1382 38 330 33 WELLINGTON
1732 40 291 31 SPECTATOR.

670 115 57 24 26th
738 115 77 31 April.
850 116 46 23 We
906 117 106 24 received
1018 117 31 31 by
1056 117 49 24 that
1112 119 138 30 opportunity

670 149 49 23 files
730 148 25 23 of
770 148 53 24 Van
835 148 121 24 Dieman's
968 148 69 26 Lanti
1046 157 90 24 papers,
1154 150 45 24 and
1215 158 35 16 one

671 188 55 24 copy
736 180 27 24 of
776 180 38 24 the
823 179 77 25 Perth
913 181 103 24 Gazette.

1897 120 37 22 the
1945 120 130 22 Australian
2083 121 104 22 Colonies
2196 129 38 15 are
2247 122 91 28 subject,
2356 122 37 22 the
2406 123 73 22 finan-

1896 146 42 22 cial
1957 146 126 23 difficulties
2102 147 27 22 of
2147 148 71 21 South
2236 149 118 26 Australia,
2373 150 37 21 the
2424 157 55 23 very

1896 172 128 22 favourable
2040 177 108 18 accounts
2163 174 26 21 of
2206 174 38 21 the
2258 175 47 26 soil,
2323 175 94 27 climate,
2433 176 44 22 and

1895 199 91 25 general
2001 199 116 27 eligibility
2125 200 27 21 of
2166 200 56 21 New
2235 200 106 28 Zealand,
2356 201 56 22 have
2425 209 54 14 con-

1896 224 97 23 tributed
2003 229 22 17 to
2034 226 80 21 render
2131 226 56 21 New
2203 226 100 23 Zealand
2318 226 37 22 the
2370 227 108 23 favourite

1895 251 86 26 Colony
1989 259 7 18 ;
2020 251 45 22 and
2081 252 38 21 the
2133 252 55 21 final
2203 257 155 23 arrangement
2372 254 53 21 with
2440 254 38 22 the

1896 277 160 27 Government,
2073 285 102 14 removes
2182 278 38 21 the
2229 279 54 27 only
2293 279 69 22 check
2371 287 60 19 upon
2441 280 38 22 the

1896 304 113 25 operation
2024 304 25 21 of
2060 304 39 21 the
2115 304 129 22 favourable
2262 308 57 19 state
2337 306 26 21 of
2379 306 98 26 opinion.

1896 329 27 21 In
1933 329 37 21 the
1981 329 91 28 Colony,
2091 330 38 21 the
2141 331 65 21 effect
2223 332 25 20 of
2265 332 37 21 the
2319 336 87 22 present
2418 339 61 21 upon

1896 355 35 21 the
1944 355 74 22 future
2035 353 45 24 will
2090 357 27 21 be
2133 364 30 14 no
2172 357 44 21 less
2225 358 98 21 marked.
2361 358 28 21 In
2408 358 71 22 South

1895 381 113 22 Australia
2018 382 37 22 the
2065 383 109 26 principal
2184 383 57 22 sales
2255 384 26 21 of
2291 384 52 21 land
2354 384 55 22 have
2418 385 59 22 been

1894 407 22 21 in
1926 407 36 22 the
1973 408 94 27 Colony.
2105 409 124 27 Capitalists
2246 410 48 21 who
2314 411 121 21 determine
2454 414 23 18 to

1895 434 44 27 buy
1947 433 53 23 land
2008 435 115 27 generally
2133 435 72 27 prefer
2215 436 91 27 lodging
2319 437 58 21 their
2386 444 88 21 money,

1895 459 45 22 and
1949 461 68 26 going
2027 468 35 19 on,
2079 465 23 17 to
2119 462 103 21 examine
2237 462 37 22 the
2291 466 93 23 country
2402 463 76 22 before

1895 485 53 27 they
1957 486 31 21 fix
2002 494 60 19 upon
2076 487 92 27 locality
2196 491 55 23 true,
2268 488 53 27 they
2336 489 53 27 only
2403 490 45 27 buy
2464 498 13 13 a

1894 512 54 21 land
1961 513 66 21 order
2041 513 61 26 here,
2121 514 47 21 and
2183 521 38 14 are
2237 518 40 18 not
2291 515 71 21 called
2378 522 59 21 upon
2455 519 22 19 to

1895 538 80 22 choose
1986 539 34 21 till
2030 539 51 26 they
2096 544 37 21 get
2150 540 62 22 there
2220 548 5 14 :
2247 541 41 21 but
2305 548 59 14 some
2384 541 49 22 how
2453 550 25 14 or

1894 564 68 27 other,
1979 572 52 14 men
2046 565 45 22 like
2102 569 22 19 to
2140 573 38 15 see
2196 565 59 23 what
2274 567 52 27 they
2342 567 46 27 buy
2401 568 76 22 before

1894 591 53 27 they
1960 592 109 21 conclude
2089 592 37 21 the
2143 593 93 26 bargain
2244 601 4 18 ;
2270 593 44 21 and
2327 593 72 22 hence
2415 594 18 21 it
2451 595 26 26 is,

1893 617 57 21 sales
1968 618 24 20 in
2012 618 37 21 the
2072 618 86 27 Colony
2177 619 123 22 contribute
2319 626 61 15 more
2399 624 21 17 to
2438 621 39 21 the

1895 644 137 27 Emigration
2045 644 65 22 Fund
2127 645 53 21 than
2195 646 56 20 sales
2269 649 22 18 at
2305 646 73 21 home.
2411 647 65 26 Now,

1894 677 32 14 we
1936 670 57 21 have
2003 678 29 14 no
2049 671 70 21 doubt
2134 672 48 20 that
2194 672 21 20 if
2230 672 38 21 the
2286 672 82 21 former
2385 675 55 19 state
2456 673 24 21 of

1893 697 141 27 uncertainty
2055 697 45 21 had
2119 698 127 27 continued,
2268 698 38 22 the
2329 699 56 21 sales
2404 699 74 21 would

1892 722 57 21 have
1968 722 57 22 been
2044 723 93 22 limited.
2181 725 37 21 All
2238 725 36 21 the
2294 725 110 27 energetic
2424 732 52 14 men

1893 748 72 22 would
1978 748 58 22 have
2046 750 122 22 embarked
2176 750 23 21 in
2208 752 37 20 the
2259 751 85 27 Colony
2359 752 117 20 neverthe-

1891 774 43 22 less
1942 782 5 18 ;
1965 774 63 23 these
2037 776 73 21 would
2119 776 56 21 have
2184 778 57 20 been
2251 785 119 14 numerous
2387 778 89 26 enough

1892 804 22 17 to
1924 804 74 18 create
2009 809 93 14 success.
2133 802 26 21 In
2170 804 60 26 time,
2246 803 37 22 the
2297 804 74 26 public
2383 807 23 18 at
2415 804 62 27 large

1893 827 72 21 would
1975 827 57 22 have
2041 828 83 26 gained
2135 829 128 22 confidence
2272 838 5 13 :
2292 830 39 21 but
2340 830 45 21 still
2395 837 12 14 a
2414 830 62 27 large

1892 853 56 22 class
1957 854 75 21 would
2041 854 57 21 have
2107 855 57 21 been
2176 855 107 27 deterred,
2294 856 44 21 and
2345 856 38 21 the
2389 863 87 15 success

1891 880 26 20 of
1928 879 37 22 the
1980 880 86 27 Colony
2080 881 74 21 would
2168 881 57 22 have
2244 882 57 21 been
2317 882 67 22 much
2399 882 78 23 slower

1891 906 53 21 than
1954 906 17 21 it
1981 906 46 21 will
2036 914 50 13 now
2096 907 34 21 be.
2161 907 40 22 We
2217 908 56 22 have
2288 915 30 14 no
2335 908 68 22 doubt
2420 909 56 25 that,

1891 939 23 14 as
1922 939 28 14 an
1961 932 106 28 offspring
2077 933 26 22 of
2114 933 38 21 the
2162 938 95 22 present,
2269 934 37 21 the
2316 934 71 22 future
2397 935 46 21 sale
2453 936 26 21 of

1890 958 55 21 land
1954 959 45 20 will
2013 959 92 22 become
2123 961 146 25 conspicuous
2284 968 54 20 very
2353 968 53 15 soon
2418 962 58 21 after

1891 985 36 21 the
1938 990 181 17 announcement
2129 987 25 20 of
2166 986 37 22 the
2213 991 162 22 arrangement.
2404 989 56 20 Ibid.

704 247 105 23 Brutal
837 247 128 24 Assault.
1015 245 55 27 Two
1098 257 52 15 men
1162 271 3 3 .
1175 250 74 23 named

670 278 59 25 John
747 278 45 24 and
807 279 102 24 William
927 280 93 30 Brown,
1039 281 68 30 lately
1127 282 88 23 arrived
1231 283 18 22 in

670 311 39 24 the
725 310 43 24 Sir
778 310 61 24 John
850 311 120 30 Franklin,
987 313 59 23 from
1065 313 92 25 Hobart
1175 314 72 29 Town,

670 351 57 16 were
745 344 99 30 brought
863 344 76 24 before
951 345 101 24 Michael
1063 346 111 32 Murphy,
1187 347 60 31 Esq.,

671 384 29 16 on
717 376 85 31 Friday
819 377 52 28 last,
891 377 99 31 chargea
985 378 7 8 u
992 379 179 31 ~WlEfr~having
1194 388 54 15 com-

671 409 78 22 mitted
759 417 30 14 an
800 409 235 30 outrageousTassault
1047 419 29 16 on
1087 412 60 23 Mrs.
1162 412 85 31 Galpin,

670 442 109 29 residing'
795 449 30 16 on
853 442 74 23 Lamb
930 447 119 26 ton-quay.
1092 444 24 23 It
1143 445 106 30 appeared

669 474 58 23 from
749 473 39 24 the
811 474 113 29 evidence,
947 475 51 23 that
1016 477 60 23 Mrs.
1097 477 30 23 G.
1148 478 45 23 and
1214 477 34 24 her

670 506 102 23 husband
794 513 59 17 were
877 506 103 32 together
1002 509 26 22 in
1049 509 59 23 their
1129 510 72 24 house
1225 518 22 16 oa

670 539 112 30 Saturday
800 540 97 30 evening
915 540 52 29 last,
986 541 46 23 and
1047 541 50 24 that
1115 543 54 31 they
1185 543 63 23 head

669 572 74 23 noises
753 572 137 30 proceeding
900 572 59 24 from
971 581 94 23 persons
1077 583 30 15 on
1118 575 38 23 the
1167 576 78 28 beach;

669 604 86 31 shortly
767 604 131 24 afterwards
909 605 60 23 their
980 605 56 24 door
1046 614 46 16 was
1105 608 92 30 opened,
1211 608 36 24 and

670 637 61 23 three
742 644 25 15 or
778 637 51 22 four
839 645 55 15 men
905 638 93 23 entered
1009 638 38 24 the
1058 640 79 28 house,
1150 645 97 27 amongst

668 669 73 23 whom
759 669 38 23 the
813 670 115 30 prisoners
938 678 59 16 were
1014 673 140 30 recognised.
1189 673 58 31 They

668 701 124 24 demanded
809 702 115 31 lodgings,
937 703 52 29 and,
1007 712 30 15 on
1053 705 69 31 being
1138 706 109 24 answered

668 734 47 24 that
726 736 19 23 it
755 743 45 15 was
813 743 13 15 a
837 736 89 30 private
943 736 79 29 house,
1041 739 143 23 commenced
1199 746 47 16 con-

668 767 92 31 ducting
788 767 136 25 themselves
951 769 24 23 in
1002 777 14 15 a
1042 771 85 23 riotous
1150 779 94 16 manner.

669 800 84 32 Galpin
772 800 54 24 then
846 801 60 23 tried
923 805 22 20 to
967 802 60 31 eject
1044 803 70 29 them,
1134 805 46 22 and
1199 804 47 24 took

668 833 63 23 down
743 842 14 14 a
773 833 49 24 rifle
833 833 56 24 with
901 842 13 15 a
923 835 57 23 view
997 839 23 19 to
1033 836 124 24 intimidate
1174 837 69 29 them;

668 866 44 23 this
728 866 53 31 they
793 866 119 24 wrenched
923 875 64 23 away
1002 868 59 23 from
1072 868 54 30 him,
1138 870 45 22 and
1195 870 51 23 Gal-

668 899 39 30 pin
716 904 59 18 went
783 899 35 23 for
830 901 134 23 assistance.
999 901 94 30 During
1104 901 34 24 his
1148 902 96 29 absence,

668 932 38 23 the
715 932 94 23 ruffians
819 932 74 23 aimed
906 941 14 14 a
927 932 59 23 blow
995 938 24 18 at
1032 933 58 24 Mrs.
1106 935 84 31 Galpin
1199 935 47 24 witli

668 964 38 23 the
719 965 55 28 rifle,
783 964 75 23 which
869 965 58 23 from
936 966 38 22 the
981 966 101 23 violence
1091 967 53 23 with
1152 967 73 24 which
1233 968 13 23 it

668 997 77 22 struck
754 997 41 22 her
806 1005 28 14 on
844 997 38 23 the
891 997 67 29 head,
973 999 71 22 broke
1059 998 63 24 short
1131 1000 34 23 off
1173 1004 23 19 at
1214 1000 30 23 the

667 1029 72 23 stock.
759 1029 136 24 Assistance
906 1038 46 15 was
961 1039 57 15 soon
1025 1035 22 19 at
1058 1031 68 30 hand,
1134 1033 66 23 when
1209 1041 35 15 one

667 1062 25 22 of
701 1061 37 23 the
745 1063 120 30 prisoners
875 1063 60 23 drew
943 1071 12 15 a
965 1063 56 31 long
1030 1063 71 30 knife,
1112 1066 43 23 and
1162 1066 65 23 made
1235 1074 10 15 a

668 1094 72 23 thrust
752 1098 22 19 at
784 1102 41 15 one
833 1095 26 22 of
871 1095 37 23 the
914 1096 126 24 witnesses.
1061 1098 66 22 After
1137 1099 107 23 consider-

667 1127 48 22 able
724 1127 95 28 trouble,
829 1127 55 31 they
895 1136 58 15 were
966 1133 23 18 at
1000 1129 79 31 length
1091 1132 100 28 secured,
1207 1132 38 22 anil

666 1159 80 31 lodged
771 1160 24 23 in
818 1160 88 30 prison.
961 1161 48 24 Mr.
1033 1162 98 30 Brewer,
1155 1164 35 23 for
1214 1165 30 22 the

666 1193 124 30 prisoners,
813 1193 38 23 did
879 1198 40 18 not
947 1193 60 32 deny
1037 1195 37 23 the
1098 1196 90 31 charge,
1211 1197 34 23 but

666 1225 72 31 urged
767 1225 59 24 their
856 1227 150 23 intoxication
1040 1236 25 15 as
1094 1236 14 15 a
1134 1230 53 30 plea
1217 1230 28 23 for

666 1258 127 31 mitigation
811 1258 24 24 of
859 1260 157 29 punishment.
1069 1261 50 23 The
1136 1263 108 30 prisoners

666 1298 56 16 were
745 1291 127 31 ultimately
901 1293 131 25 committed
1059 1294 35 23 for
1123 1295 60 28 trial,
1212 1296 33 23 but

666 1324 93 23 allowed
774 1324 54 29 bail,
853 1326 24 21 in
897 1329 44 19 two
960 1326 94 22 sureties
1070 1327 25 22 of
1110 1327 54 25 80
1188 1329 49 22 eacli

665 1357 39 23 All
716 1357 38 23 the
772 1357 117 23 witnesses
901 1366 59 15 were
972 1359 76 22 bound
1060 1367 52 15 over
1130 1364 23 19 to
1170 1369 75 23 appear

666 1390 88 30 against
768 1390 61 23 them
842 1391 25 22 in
883 1390 55 24 4.0
957 1392 63 22 each.
1068 1392 40 23 On
1131 1394 78 22 behalf
1225 1394 19 22 of

665 1422 38 24 the
719 1424 122 29 prisoners,
853 1430 143 17 summonses
1009 1432 58 15 were
1082 1425 94 24 ordered
1188 1430 21 19 to
1221 1427 23 22 lie

665 1455 74 23 issued
757 1455 35 23 for
810 1455 37 24 the
866 1464 140 23 appearance
1027 1458 24 22 of
1072 1461 42 20 two
1133 1460 111 22 witnesses

665 1488 35 23 for
713 1488 37 23 the
764 1488 102 23 defence.
1237 1503 4 8 ;

48 115 91 31 enough
149 115 32 23 oil
192 115 20 23 is
231 115 110 31 annually
352 115 97 24 secured
459 117 25 22 in
505 124 42 16 our
559 117 83 31 neigh-
649 128 1 5 -

51 146 150 33 bourhotnffo
220 154 86 30 freight
324 154 81 25 twelve
425 162 24 15 or
467 155 79 23 fifteen
564 155 79 24 mode-

51 198 48 20 rate
110 193 62 23 sized
191 193 95 24 vessels.
322 193 45 24 We
388 201 44 16 can
442 193 73 24 afford
525 198 23 19 to
559 202 46 23 pay
617 202 26 15 as

54 233 68 24 much
142 232 36 23 for
201 231 46 24 this
271 232 30 24 oil
327 240 26 15 as
372 233 40 23 the
435 233 59 31 good
515 233 81 31 people
619 231 28 26 of

55 272 91 31 Sydney
166 279 27 16 or
216 271 94 24 Hobart
336 271 81 25 Town.
463 272 95 29 Indeed,
575 273 69 31 being

53 320 79 17 nearer
149 311 76 30 home,
244 312 47 24 and
313 313 167 31 consequently
501 313 82 31 saving
604 313 40 24 the

52 351 84 32 freight
145 359 32 24 up
197 355 23 20 to
238 351 60 25 New
317 352 112 29 Holland,
442 353 45 23 and
503 352 61 24 from
581 352 58 24 New

54 391 101 25 Holland
164 396 25 19 to
200 391 38 24 the
249 392 117 31 longitude
378 393 27 23 of
414 393 57 23 New
484 392 108 29 Zealand,
604 400 34 16 we

52 430 66 26 think
129 431 17 23 it
157 431 74 30 might
241 431 29 23 be
288 431 79 23 shown
386 439 35 16 we
432 431 67 24 could
508 439 45 24 pay
564 439 75 16 some-

53 470 65 30 thing
128 478 70 21 more,
211 470 45 23 and
273 475 39 26 yet
330 475 65 19 enter
413 471 38 23 the
465 471 100 30 English
578 478 62 16 mar-

52 510 52 24 kets
122 517 29 15 on
165 510 68 30 equal
251 514 80 20 terms.
372 510 98 24 Besides
492 510 39 24 the
554 510 39 29 oil,
609 518 34 16 we

55 550 58 23 have
136 550 87 22 certain
245 549 151 31 descriptions
420 550 25 22 of
465 550 75 23 woods
560 550 83 31 highly

51 588 95 31 adapted
168 593 25 19 to
215 589 180 31 ship-building,
419 589 44 23 and
485 590 75 25 which
581 590 61 23 from

52 629 58 23 their
122 629 69 30 being
202 629 25 23 of
237 629 38 23 the
287 630 112 22 immense
407 630 59 22 sizes
473 637 51 16 now
536 637 25 15 so
573 630 69 24 much

51 671 24 22 in
86 669 95 24 demand
193 670 35 23 for
238 674 74 19 steam
330 670 66 23 boats
416 670 24 23 of
459 670 39 24 the
509 670 51 24 first
572 671 68 28 class,

50 708 74 24 would
140 713 41 19 not
198 709 40 23 fail
258 713 23 19 to
299 714 61 18 meet
378 709 57 23 with
449 710 70 30 ready
531 709 48 24 sale
592 713 23 20 at
628 718 14 15 a

51 748 120 31 monopoly
189 749 70 30 price,
271 749 25 23 in
315 756 155 23 consequence
489 750 25 22 of
529 750 19 22 it
571 750 70 30 being

51 795 50 17 now
111 788 90 31 beyond
218 788 39 23 the
275 796 76 23 power
363 788 25 24 of
405 788 38 24 the
457 788 126 33 European
595 789 46 23 and

51 827 123 24 American
193 828 113 23 countries
324 832 24 19 to
369 832 63 19 meet
451 828 46 24 this
515 833 60 19 want
593 833 23 19 to
628 837 13 15 a

51 868 113 23 sufficient
176 872 87 20 extent.
299 868 31 23 In
341 868 114 30 addition,'
461 868 33 24 let
502 877 26 15 us
534 870 59 31 hope
605 877 35 15 we

52 915 38 16 are
108 915 30 16 on
155 907 39 24 the
212 915 42 16 eve
273 908 25 23 of
313 908 98 31 making
421 908 127 31 shipments
560 910 26 22 of
594 910 46 23 flax

51 947 38 24 the
100 947 48 23 real
158 947 72 32 staple
243 947 25 24 of
284 947 59 24 New
362 948 109 24 Zealand.
508 949 51 24 The
574 957 66 23 pros-

51 986 74 32 perity
136 986 45 23 and
192 987 66 31 rapid
276 995 107 23 progress
403 988 26 23 of
444 988 47 23 this
510 988 130 24 settlement

51 1025 47 24 will
118 1026 28 23 be
174 1026 89 30 greatly
284 1026 130 23 influenced
441 1026 31 31 by
501 1035 42 15 our
570 1028 70 30 being

50 1065 95 24 enabled
163 1070 23 19 to
205 1065 59 31 keep
284 1073 31 24 up
338 1070 112 24 constant,
473 1066 99 30 regular,
596 1067 44 22 and

51 1105 73 23 direct
146 1106 192 23 communication
355 1105 56 24 with.
433 1106 117 31 England.
595 1106 45 23 We

51 1145 66 23 think
128 1153 32 15 we
171 1145 59 24 have
247 1145 80 24 shown
347 1153 33 16 we
398 1146 59 23 have
477 1146 38 23 the
529 1154 76 23 power
618 1148 25 22 of

49 1185 69 31 doing
134 1186 54 29 this,
205 1186 45 23 and
271 1187 29 22 its
323 1186 72 32 being
415 1186 100 32 brought
537 1191 23 20 to
583 1187 56 24 bear

49 1229 62 20 must
122 1225 88 31 depend
219 1233 63 23 upon
301 1234 42 15 our
360 1227 132 22 merchants
502 1227 86 30 having
600 1227 39 23 the

49 1272 96 24 courage
157 1270 23 18 to
198 1270 64 19 enter
278 1273 63 23 upon
357 1266 39 23 the
415 1270 81 27 export
512 1266 62 23 trade
585 1266 54 24 with

51 1305 72 31 spirit,
131 1305 43 23 and
183 1310 23 18 to
214 1313 14 15 a
235 1306 114 23 sufficient
360 1310 87 19 extent.
472 1306 26 23 If
508 1314 12 15 a
532 1307 52 30 ship
592 1314 46 15 was

51 1344 109 30 arranged
169 1345 36 23 for
215 1353 58 21 now,
284 1353 33 16 we
329 1345 88 24 believe
427 1354 13 15 a
452 1353 68 23 cargo
533 1346 67 23 could
610 1347 28 23 be

49 1384 105 23 obtained
161 1388 22 19 to
191 1384 52 23 load
249 1385 50 23 her.
324 1385 77 23 There
409 1394 36 15 are
453 1394 68 22 many
528 1387 109 30 prepared

50 1428 22 19 to
89 1423 51 31 ship
152 1432 13 14 a
183 1423 43 24 few
238 1428 53 19 tuns
303 1425 26 23 of
345 1425 38 29 oil,
396 1425 67 23 while
475 1426 43 23 few
529 1426 58 23 have
600 1426 38 23 the

51 1456 81 31 daring
149 1460 23 19 to
191 1457 51 23 load
254 1465 15 16 a
278 1458 83 23 vessel.
398 1458 32 23 In
445 1458 55 29 fact,
517 1459 37 23 the
572 1460 65 29 prin-

51 1489 57 31 ciple
127 1489 24 23 of
166 1491 124 30 averaging
306 1491 99 30 liability
419 1491 44 23 and
480 1491 49 23 risk
542 1492 25 22 of
577 1498 60 17 mar-

51 1522 51 23 kets
114 1523 19 22 is
143 1522 73 24 better
228 1523 118 24 consulted
357 1524 31 30 by
396 1524 39 23 the
445 1524 108 31 adoption
565 1524 25 23 of
599 1524 38 23 the

50 1555 67 23 latter
127 1555 76 24 rather
214 1555 56 23 than
281 1556 50 24 that
342 1557 25 23 of
376 1557 40 23 the
436 1557 83 23 former
536 1557 66 23 mode
615 1557 25 23 of

51 1587 93 31 making
155 1588 136 32 shipments.

668 1555 205 19 COMMERCIAL
906 1555 169 21 PROSPECTS
1109 1555 38 21 OF
1181 1555 61 22 NEW

814 1579 188 22 ZEALAND.
1004 1581 42 21 No.
1061 1581 41 21 VI.

708 1616 275 12 MISCELLANEOUS
1009 1616 198 12 RESOURCES.

138 1668 37 16 are
187 1661 111 23 informed
310 1661 50 24 that
379 1662 39 24 the
438 1662 89 24 settlers
539 1666 23 20 at
580 1663 56 23 New

51 1693 122 31 Plymouth
184 1702 39 15 are
240 1694 77 30 busily
329 1695 45 22 and
390 1695 122 31 profitably
523 1696 111 30 engaged.

51 1726 64 30 They
127 1734 37 15 are
176 1735 29 15 on
216 1726 39 24 the
273 1735 40 15 eve
325 1728 26 22 of
367 1729 157 30 commencing
536 1729 99 30 agricul-

50 1759 57 22 tural
120 1760 135 30 operations,
268 1760 45 23 and
333 1761 37 22 the
383 1761 54 31 only
449 1761 99 23 obstacle
562 1762 25 22 in
599 1762 37 23 the

49 1799 49 23 way
105 1792 19 23 is
132 1792 74 24 stated
217 1797 23 18 to
251 1793 28 23 be
289 1801 14 15 a
310 1798 59 18 want
377 1794 25 22 of
411 1794 105 31 working
521 1794 114 29 bullocks,

49 1825 34 23 for
95 1825 72 23 which
179 1833 33 15 we
224 1834 38 14 are
272 1826 94 23 assured
377 1827 55 23 80
449 1835 42 23 per
502 1827 50 30 pair
563 1828 73 23 would

48 1858 29 24 he
87 1858 61 30 paid.
184 1858 48 23 Mr.
246 1858 53 24 Bell
310 1867 45 15 was
367 1864 47 18 met
425 1867 55 15 near
498 1860 137 31 Wanganui,

48 1890 84 31 having
153 1896 41 26 got
216 1899 24 15 so
263 1891 34 23 far
320 1892 72 30 safely
416 1893 53 22 with
492 1893 36 22 his
559 1893 75 23 cattle.

50 1923 68 24 Since
137 1923 28 24 he
185 1924 42 23 left
245 1924 54 29 this,
312 1929 64 26 great
394 1933 107 22 progress
519 1925 41 23 has
579 1926 57 23 been

49 1956 64 24 made
134 1964 28 16 on
181 1956 38 24 the
238 1957 100 23 Porirua
357 1958 62 28 road,
433 1957 73 23 which
525 1959 19 21 it
562 1959 19 21 is
599 1966 36 15 re?-

47 1989 80 29 ported
136 1989 47 22 will
195 1989 26 22 be
234 1989 126 30 completed
369 1989 39 22 the
420 1989 71 22 whole
503 1997 48 23 way
565 1994 22 17 to
598 1990 37 22 the

49 2020 49 29 Bay
110 2020 24 22 in
145 2027 13 15 a
169 2020 43 23 few
223 2020 64 31 days.
319 2020 102 31 Already
434 2020 53 24 then
501 2022 66 22 cattle
579 2021 56 23 have

47 2052 57 23 been
124 2052 78 23 driven
223 2053 77 30 nearly
313 2053 50 22 half
383 2061 49 23 way
454 2058 23 18 to
501 2054 117 23 Taranaki
627 2063 6 19 ;

49 2086 60 22 since
125 2086 54 23 then
191 2086 37 23 the
240 2086 56 23 road
307 2086 41 23 has
360 2086 59 23 been
430 2086 68 23 much
511 2087 122 30 improved,

48 2117 43 23 and
110 2118 36 24 the
164 2119 62 30 price
250 2119 25 23 of
304 2119 67 23 cattle
393 2119 20 23 is
437 2127 55 23 very
512 2121 121 29 tempting.

52 2150 80 32 Surely
150 2159 62 15 some
231 2159 83 23 among
334 2159 41 16 our
393 2152 108 23 colonists
520 2152 47 23 will
578 2152 57 23 have

47 2183 38 24 the
98 2191 97 23 courage
207 2189 22 18 to
249 2184 69 24 make
330 2192 13 16 a
354 2185 60 30 good
428 2185 150 31 speculation,
590 2185 45 23 and

50 2221 22 18 at
89 2216 39 23 the
145 2225 63 15 same
226 2218 54 23 time
299 2218 98 23 forward
415 2218 38 23 the
468 2218 108 23 interests
588 2218 25 23 of
623 2227 12 14 a

50 2249 126 24 settlement
187 2250 24 22 in
223 2250 39 23 the
279 2258 92 16 success
384 2251 27 23 of
425 2251 74 23 which
511 2259 32 15 we
555 2259 38 15 are
605 2251 30 23 all

49 2282 78 31 deeply
144 2283 131 24 interested.
312 2283 45 24 We
374 2284 123 30 anticipate
513 2284 38 23 the
572 2284 61 29 time,

49 2315 42 23 and
110 2316 18 22 it
145 2316 19 22 is
177 2324 54 14 near
242 2321 24 17 at
277 2316 69 29 hand,
358 2317 67 23 when
437 2317 56 23 each
505 2317 64 23 week
588 2317 47 23 will

48 2349 90 22 witness
148 2349 40 22 the
209 2349 194 24 disembarkation
421 2349 26 24 of
463 2350 67 23 cattle
548 2350 26 23 in
593 2358 40 15 our

47 2385 57 26 port,
117 2382 43 22 and
178 2382 62 30 large
257 2382 81 23 droves
357 2390 24 15 as
400 2382 129 32 frequently
540 2383 95 31 passing

47 2414 99 23 between
165 2415 46 22 this
230 2415 45 23 and
294 2415 106 29 Porirua,
413 2416 44 23 and
475 2415 81 24 thence
567 2423 67 24 sepa-

47 2448 75 29 rating
142 2452 22 18 to
182 2455 30 23 go
230 2452 23 19 to
274 2448 39 23 the
331 2456 123 16 numerous
471 2453 77 19 routes
560 2449 75 23 which

47 2480 44 23 will
110 2480 90 31 diverge
217 2481 59 23 from
299 2481 49 23 that
360 2481 59 31 Bay.
467 2482 52 23 Our
542 2482 93 30 Sydney

47 2512 84 24 friends
141 2514 47 23 will
200 2521 54 16 soon
265 2514 47 23 find
323 2523 15 14 a
353 2514 87 32 steady,
449 2515 129 30 profitable,
590 2516 45 22 and

47 2546 86 31 rapidly
143 2547 130 30 increasing
283 2547 91 24 market
390 2552 24 18 at
430 2548 57 23 Port
497 2547 136 30 Nicholson,

46 2578 34 24 for
92 2579 56 24 their
160 2580 198 31 super-abundant
365 2580 70 24 herds
443 2589 6 20 ;
469 2580 46 24 and
530 2589 34 15 we
576 2580 58 32 hope

47 2611 17 23 it
73 2612 45 24 will
128 2613 28 23 be
166 2613 26 23 in
204 2620 40 16 our
255 2621 76 23 power
342 2618 23 18 to
377 2613 58 23 send
444 2614 25 23 in
481 2618 79 19 return
571 2615 62 29 agri-

49 2644 93 25 cultural
152 2645 99 32 produce
270 2650 23 19 at
304 2654 13 15 a
337 2647 61 30 price
417 2646 74 24 which
509 2647 47 23 will
573 2648 62 30 yield

48 2677 36 23 the
103 2678 126 31 speculator
249 2687 14 15 a
279 2679 69 32 profit
367 2683 42 20 not
427 2679 93 24 inferior
539 2684 24 19 to
584 2680 51 24 that

49 2710 102 24 obtained
167 2719 54 16 over
241 2712 37 23 his
300 2712 103 24 outward
426 2717 93 18 venture
543 2717 22 19 to
589 2713 46 23 this

47 2743 70 30 place.
174 2744 51 24 The
245 2745 82 31 people
348 2746 26 22 of
395 2745 94 32 Sydney
510 2746 47 23 will
580 2746 54 24 then

49 2776 68 23 admit
139 2777 48 23 that
209 2785 44 23 any
270 2778 130 23 settlement
417 2778 74 23 which
513 2784 121 26 augments

47 2808 57 24 their
122 2817 131 22 commerce,
266 2811 89 23 instead
373 2811 27 24 of
415 2811 70 31 being
501 2811 39 23 the
559 2812 75 24 theme

49 2842 22 22 of
80 2842 131 30 detraction,
224 2844 19 23 is
256 2844 94 23 entitled
358 2848 24 19 to
395 2844 59 23 their
465 2844 52 23 best
529 2850 104 25 support.

80 2913 24 24 It
115 2914 46 24 will
171 2914 29 24 be
212 2923 56 15 seen
277 2916 33 30 by
328 2923 30 15 an
376 2916 163 23 advertisment
556 2917 25 22 in
599 2920 35 20 to-

49 2945 60 32 day's
127 2955 77 23 paper,
222 2947 50 24 that
290 2948 38 23 the
347 2949 232 30 Surveyor-General
590 2949 44 23 will

49 2980 52 23 offer
118 2981 96 23 sections
234 2981 26 22 of
277 2980 57 24 land
349 2981 36 24 for
406 2982 116 29 selection,
544 2990 30 15 on
595 2982 38 23 the

49 3011 60 25 Hutt
120 3013 43 24 and
174 3013 105 30 Porirua,
292 3022 30 15 on
335 3014 122 31 Thursday
474 3019 64 25 next,
556 3019 24 19 at
597 3015 36 23 his

50 3046 69 28 office,
132 3050 23 19 at
165 3046 79 24 eleven
255 3046 96 25 o'clock.

80 3117 68 23 Some
172 3118 88 23 vessels
278 3118 60 24 have
354 3119 103 31 recently
475 3119 89 24 arrived
579 3120 53 24 with

48 3149 67 29 goods
132 3148 74 25 which
225 3158 39 16 are
282 3156 42 19 not
344 3156 23 19 to
385 3152 29 23 be
425 3152 83 24 landed
525 3157 25 19 at
561 3153 71 31 ship's

49 3188 102 25 expense.
186 3184 59 23 Now
263 3184 45 23 this
325 3185 22 23 is
364 3185 107 24 attended
491 3186 55 23 with
564 3187 68 23 much

48 3219 86 25 greater
155 3224 99 23 expense
275 3221 24 20 to
321 3217 39 24 the
384 3219 129 30 consignee,
536 3219 57 24 than
614 3220 18 23 it

49 3248 70 23 would
136 3249 28 23 be
182 3254 23 18 to
228 3250 40 23 the
287 3250 68 31 ship;
385 3251 67 23 while
475 3252 64 23 there
559 3253 21 22 is
602 3260 30 16 no

45 3278 145 32 justification
210 3283 35 22 for
267 3283 53 29 this,
345 3292 24 15 as
398 3284 40 23 the
465 3285 107 24 facilities
596 3285 36 24 for

47 3311 90 35 landing
158 3323 39 16 are
218 3316 124 24 abundant.
391 3317 58 24 This
471 3318 86 23 refusal
579 3326 53 23 may

46 3344 55 25 lave
111 3347 69 24 taken
191 3348 65 32 place
273 3349 73 24 under
364 3349 40 24 the
415 3350 51 23 idea
476 3350 49 23 that
536 3351 96 31 landing

47 3379 70 24 would
142 3380 29 24 be
200 3389 55 23 very
283 3383 132 30 expensive,
438 3391 26 15 or
493 3384 136 30 dangerous.

47 3410 45 24 But
103 3413 54 23 such
167 3414 21 23 is
200 3419 40 19 not
250 3414 39 24 the
301 3423 60 16 case.
392 3415 45 24 We
447 3416 113 24 therefore
571 3417 60 31 hope

47 3443 35 24 the
92 3446 127 24 merchants
231 3452 24 19 at
266 3448 68 24 home
345 3448 47 24 will
411 3449 76 24 refuse
500 3454 23 19 to
536 3450 51 31 ship
599 3450 31 31 by

45 3478 82 23 vessels
144 3479 73 24 which
235 3481 46 23 will
298 3486 42 18 not
350 3481 129 25 undertake
490 3486 23 20 to
524 3483 56 23 land
591 3483 39 23 the

45 3510 68 27 goods
124 3519 29 16 on
163 3513 82 23 arrival
256 3513 62 24 here.

690 1659 46 22 The
746 1660 85 21 several
842 1667 80 21 papers
932 1661 73 21 which
1020 1661 57 23 have
1088 1662 57 22 been
1155 1662 89 22 hitherto

664 1686 115 27 published
792 1686 22 22 in
825 1687 45 21 this
879 1687 67 21 series
956 1690 12 12 *
979 1688 58 21 have
1047 1689 58 21 been
1115 1689 129 27 exclusively

664 1712 94 22 devoted
766 1716 22 18 to
796 1713 36 22 the
839 1714 132 26 productive
978 1722 115 14 resources
1100 1715 25 21 of
1133 1715 55 22 New
1197 1715 47 22 Zea-

664 1739 52 22 land
745 1739 48 22 that
807 1740 26 25 is,
845 1743 23 18 to
879 1740 62 22 those
959 1741 87 21 articles
1062 1741 71 22 which
1148 1750 38 13 are
1204 1743 40 21 des-

665 1766 59 21 tined
739 1769 23 18 to
780 1766 57 21 form
857 1769 50 25 part
926 1767 26 21 of
969 1767 38 23 the
1025 1768 135 27 purchasing
1179 1776 65 19 power

665 1792 25 22 of
698 1792 35 22 the
744 1792 94 26 Colony.

790 1827 186 14 MISCELLANEOUS
988 1828 137 14 RESOURCES.

692 1852 20 21 It
722 1855 58 18 must
789 1855 39 18 not
837 1852 29 21 be
880 1853 139 22 understood
1037 1854 48 21 that
1100 1862 31 13 we
1142 1854 57 21 have
1213 1861 31 14 ex-

664 1877 93 23 hausted
766 1878 38 22 the
819 1879 117 27 catalogue
952 1880 25 20 of
991 1880 37 22 the
1044 1887 113 15 resources
1174 1881 25 21 of
1215 1881 29 22 the

665 1905 90 26 Colony.
786 1905 39 21 We
842 1905 56 21 have
913 1906 85 25 merely
1011 1907 71 21 stated
1098 1907 63 21 those
1180 1907 64 22 which

665 1938 36 14 are
711 1935 57 17 most
784 1932 154 26 conspicuous,
949 1933 46 21 and
1012 1933 61 21 there
1084 1941 36 14 are
1136 1934 108 27 obviously

663 1965 68 18 many
759 1957 145 26 productions
933 1959 74 23 wMch
1020 1959 61 26 jjill,
1097 1960 93 21 become
1213 1961 31 21 the

664 1984 82 25 objects
757 1983 24 20 of
788 1990 125 14 commerce
923 1983 27 21 as'
1018 1984 92 21 natnraS-
1116 1985 128 26 capabilities

664 2008 25 21 of
696 2008 36 21 the
742 2011 101 23 country,
855 2008 46 21 and
910 2009 26 20 of
946 2009 28 21 its
992 2009 41 21 soil
1048 2009 45 21 and
1109 2011 88 21 climate
1214 2018 30 14 are

663 2034 127 27 developed.
821 2034 26 21 In
859 2034 37 22 the
904 2035 143 31 productions
1056 2043 32 14 we
1098 2036 57 22 have
1166 2037 78 22 treated

664 2061 28 24 of,
705 2060 50 21 with
772 2060 37 21 the
826 2065 117 23 exception
960 2062 27 20 of
998 2062 62 22 those
1077 2063 82 21 named
1173 2063 24 21 in
1214 2063 30 22 the

663 2087 57 21 third
743 2094 75 20 paper,
844 2088 153 22 considerable
1028 2089 62 21 trade
1114 2089 19 21 is
1157 2089 85 29 already

663 2113 83 22 carried
755 2121 36 19 on,
802 2114 45 21 and
856 2114 63 21 there
928 2121 38 14 are
975 2114 74 22 others
1058 2116 71 21 which
1140 2120 60 18 want
1211 2117 32 22 but

663 2140 54 21 little
727 2144 22 17 to
759 2140 61 26 place
831 2140 61 22 them
902 2140 24 22 in
936 2141 38 21 the
983 2149 62 13 same
1056 2142 63 22 class.

689 2173 74 22 Salted
772 2173 131 28 provisions,
914 2175 34 21 for
959 2175 109 26 instance,
1080 2176 43 21 will
1134 2176 110 28 assured]/

662 2201 90 21 become
766 2207 29 15 an
811 2201 115 21 extensive
943 2201 47 22 and
1008 2202 102 21 valuable
1130 2203 77 21 article
1228 2204 20 21 of

663 2230 83 23 export.
774 2227 48 21 The
837 2227 50 27 pigs
903 2227 41 21 left
961 2235 29 14 on
1007 2228 37 21 the
1060 2229 83 21 islands
1154 2229 26 21 of
1195 2230 49 21 New

663 2253 97 21 Zealand
769 2253 31 26 by
814 2253 94 27 Captain
924 2254 63 22 Cook
1003 2254 57 22 have
1077 2255 87 22 thrived
1179 2256 23 21 in
1221 2263 23 14 an

663 2279 166 28 extraordinary
838 2287 102 15 manner.
970 2281 22 21 It
1001 2281 19 21 is
1031 2281 79 22 almost
1119 2282 123 27 impossible

663 2310 23 18 to
696 2313 56 20 open
762 2314 13 13 a
784 2306 59 22 book
851 2307 125 27 deicribing
988 2307 16 21 N
1011 2315 31 14 ew
1051 2308 99 22 Zealand
1159 2309 86 22 without

663 2333 73 26 seeing
853 2333 46 21 and
1080 2335 164 28 conspicuously

663 2359 133 22 mentioned.
835 2359 28 22 In
880 2367 68 20 many
966 2361 26 21 of
1007 2361 37 21 the
1063 2362 94 21 settlers'
1174 2362 70 21 letters

662 2385 116 28 published
787 2385 24 22 in
821 2385 44 23 this
875 2386 101 27 Journal,
988 2387 38 21 the
1035 2387 56 28 pork
1105 2389 17 21 is
1133 2388 109 22 described

663 2420 23 14 as
696 2412 99 27 superior
808 2412 23 22 in
847 2413 99 27 delicacy
957 2414 26 21 of
993 2413 87 23 flavour
1096 2417 22 19 to
1134 2422 46 20 any
1190 2418 23 19 to
1225 2420 18 17 be

662 2442 46 19 met
718 2438 51 22 with
776 2439 24 21 in
811 2439 42 21 this
861 2443 102 23 country.
993 2440 61 22 With
1065 2441 42 21 salt
1116 2441 38 21 the
1164 2442 80 21 natives

663 2473 36 14 are
715 2465 51 22 well
779 2465 141 28 acquainted,
932 2466 44 22 and
994 2474 56 14 even
1066 2474 56 15 were
1138 2467 54 28 they
1202 2472 39 24 not,

663 2492 36 22 the
710 2495 108 19 structure
827 2492 27 22 of
867 2492 43 22 salt
919 2493 72 21 works
1000 2493 35 21 for
1044 2493 38 22 the
1097 2495 147 22 manafacture

663 2519 25 21 of
694 2526 37 14 sea
745 2519 43 21 salt
801 2519 19 21 is
835 2526 14 14 a
864 2519 85 22 branch
965 2519 26 22 of
1002 2520 103 27 industry
1120 2521 74 21 which
1210 2521 31 22 the

663 2545 84 22 settlers
764 2545 51 27 will,
826 2549 23 17 at
864 2552 29 15 no
910 2553 54 20 very
975 2546 83 22 distant
1074 2548 84 26 period,
1169 2548 75 22 under-

663 2572 57 21 take.

688 2608 46 21 The
745 2607 62 22 trade
815 2608 24 21 in
846 2608 112 22 barrelled
966 2608 55 28 pork
1030 2610 43 21 and
1082 2609 55 22 beef
1141 2610 20 22 is
1169 2618 76 19 amoniy

662 2634 37 22 the
713 2637 58 18 most
795 2634 132 28 flourishing
943 2635 24 22 in
981 2636 39 21 the
1038 2636 83 22 United
1140 2637 72 21 States
1228 2637 19 21 of

663 2661 110 22 America.
804 2661 57 21 Ohio
872 2661 40 22 has
924 2662 57 21 been
999 2662 73 22 called
1082 2663 37 21 the
1127 2664 57 26 pork
1194 2664 50 27 shop

663 2688 25 21 of
695 2688 36 21 the
747 2687 84 22 United
848 2688 79 26 States,
945 2688 47 22 and
1006 2689 76 22 beside
1097 2697 15 14 a
1125 2697 55 20 very
1190 2690 54 27 large

662 2714 77 21 inland
748 2714 70 27 trade,
828 2714 57 27 pork
894 2715 46 22 and
955 2716 56 21 beef
1025 2723 85 20 occupy
1125 2723 30 15 an
1170 2717 76 27 impor-

663 2744 48 18 tant
718 2740 53 22 item
780 2740 25 22 in
815 2740 37 22 the
863 2742 129 26 exportable
1002 2742 98 28 produce
1111 2743 26 21 of
1150 2751 70 19 many
1229 2744 19 20 of

663 2768 36 21 the
710 2767 178 22 North-western
905 2768 79 23 States.
1021 2769 89 22 Packed
1126 2770 24 21 in
1160 2770 83 27 barrels,

663 2794 43 21 and
715 2794 163 26 distinguished
886 2794 49 22 into
944 2795 63 22 three
1018 2803 25 14 or
1053 2796 49 22 four
1112 2796 111 27 qualities,
1233 2796 12 22 it

662 2820 57 22 finds
727 2820 28 21 its
766 2827 48 20 way
823 2824 23 17 to
856 2820 38 22 the
905 2828 43 19 sea,
961 2822 72 21 either
1047 2822 30 27 by
1088 2822 37 22 the
1141 2823 60 21 river
1220 2824 24 21 St.

663 2847 116 21 Lawrence
791 2846 44 21 and
846 2846 120 28 Montreal,
978 2855 26 14 or
1020 2849 29 26 by
1059 2849 37 21 the
1114 2849 52 22 Erie
1183 2850 62 21 Canal

662 2873 44 22 and
715 2873 55 21 New
780 2872 69 22 York.
879 2873 67 22 From
963 2874 113 23 Montreal
1090 2876 19 21 it
1123 2876 19 21 is
1159 2876 87 29 shipped

662 2903 23 18 to
699 2899 37 22 the
752 2898 83 22 British
851 2899 101 22 fisheries
971 2901 47 22 and
1033 2901 36 22 the
1086 2902 62 21 West
1166 2902 71 22 Indies

662 2926 44 21 and
714 2925 57 22 from
780 2925 57 22 New
846 2926 63 21 York
919 2930 22 17 to
952 2934 69 20 many
1027 2931 60 24 parts
1094 2928 26 21 of
1127 2929 39 22 the
1174 2923 69 28 world'

687 2958 57 22 That
759 2958 57 27 pork
831 2966 54 19 may
893 2958 113 24 hereafter
1015 2961 27 21 be
1058 2960 186 30 advantageously

661 2984 84 28 packed
754 2985 36 21 for
799 2989 80 23 export
893 2985 24 22 in
934 2985 56 23 New
1006 2987 101 22 Zealand
1120 2995 33 14 we
1169 2996 36 14 see
1221 2996 24 14 no

661 3018 77 15 reason
749 3015 22 18 to
781 3011 70 22 doubt
858 3020 5 19 ;
875 3019 42 14 nor
926 3012 18 22 is
955 3013 18 21 it
983 3016 24 18 at
1017 3013 29 21 all
1055 3014 139 27 improbable
1202 3015 44 23 that

661 3038 52 22 beef
720 3045 52 19 may
781 3038 29 21 be
818 3046 24 14 so
853 3038 53 27 also,
916 3039 119 28 especially
1043 3047 24 15 as
1073 3040 37 22 the
1120 3041 125 23 Australian

661 3065 101 21 Colonies
773 3065 45 22 and
826 3065 39 21 the
876 3065 53 21 Eas*
940 3065 77 23 Indies
1026 3067 44 21 will
1079 3067 71 22 afford
1159 3075 14 14 a
1181 3069 65 24 ready

661 3091 85 21 market
755 3092 35 21 for
799 3091 29 22 all
839 3092 144 22 consumable
1001 3093 95 22 articles.
1125 3095 42 20 We
1177 3095 66 27 think,

661 3118 115 26 therefore,
787 3125 32 14 we
836 3125 38 15 are
891 3119 94 21 entitled
1000 3123 23 18 to
1037 3119 63 28 place
1115 3121 70 21 salted
1200 3129 44 19 pro-

661 3144 80 22 visions
759 3145 24 21 in
804 3144 37 22 the
860 3145 40 21 list
917 3145 26 21 of
959 3145 38 22 the
1015 3154 114 15 resources
1152 3147 26 23 of
1194 3148 50 22 New

661 3171 106 21 Zealand.

685 3530 58 26 Coal,
752 3532 14 24 f
775 3529 43 22 -for
837 3530 109 27 instance,
964 3530 42 23 has
1022 3531 58 22 been
1099 3532 103 26 reported
1221 3535 17 19 to

688 3204 27 21 In
732 3211 14 14 a
760 3203 73 28 letter,
844 3204 90 27 printed
947 3205 25 21 in
990 3213 42 14 our
1046 3206 48 27 last,
1113 3207 100 22 mention
1230 3208 14 21 is

659 3231 64 21 made
734 3231 26 21 of
767 3238 12 14 a
789 3231 62 31 piece
861 3231 26 21 of
899 3238 84 21 sponge
1000 3232 70 23 found
1079 3241 30 14 on
1124 3234 39 21 the
1178 3232 66 24 beach

660 3258 27 21 of
701 3257 53 22 Port
767 3257 125 22 Nicholson
975 3259 64 26 piece
1057 3260 55 21 such
1130 3267 25 15 as
1173 3260 69 23 would

659 3283 56 22 have
725 3286 48 19 cost
781 3285 44 20 10.
835 3284 24 21 in
1024 3285 54 23 This
1094 3293 53 21 may
1156 3287 88 22 become

659 3318 14 14 a
687 3310 102 22 valuable
806 3310 76 22 article
900 3311 26 21 of
942 3314 86 25 export,
1043 3312 42 22 but
1100 3313 19 21 it
1134 3314 20 21 is
1168 3313 78 28 chiefly

659 3337 130 26 interesting
806 3340 21 18 to
843 3344 35 19 us,
894 3345 24 14 as
936 3337 110 28 affording
1062 3346 14 14 a
1094 3340 152 28 presumption

659 3363 49 22 that
715 3363 64 22 when
791 3363 37 23 the
839 3363 111 23 Colonists
959 3364 58 22 have
1026 3365 82 22 leisure
1114 3369 22 18 to
1145 3366 101 23 examine

658 3389 38 23 the
705 3393 94 24 country
805 3390 89 22 various
903 3398 115 15 resources
1025 3391 45 22 will
1080 3392 28 21 be
1119 3392 127 23 discovered

658 3417 27 21 of
691 3416 71 22 which
771 3423 33 15 we
814 3416 59 23 have
880 3424 25 14 as
914 3420 39 24 yet
962 3424 31 15 no
1002 3418 83 27 notice,
1096 3419 45 22 and
1151 3419 64 22 those
1227 3420 20 21 of

658 3442 72 23 which
745 3450 62 14 some
821 3443 103 22 mention
941 3443 40 23 has
995 3444 58 22 been
1072 3445 65 23 made
1155 3446 45 22 will
1220 3446 26 22 be

658 3469 81 24 traced.
741 3472 23 19 to
773 3476 30 15 an
813 3469 126 28 assignable
948 3470 98 29 locality,
1058 3472 45 21 and
1114 3472 58 22 their
1181 3473 65 22 value

658 3497 27 21 be
694 3496 56 22 fully
759 3495 156 23 investigated.

1279 119 59 21 exist
1349 119 79 22 onthe
1438 119 108 22 southern
1555 120 114 22 island_on
1681 120 113 27 authority
1802 124 42 17 not
1855 123 10 19 t

1278 144 27 22 be
1316 146 139 26 questioned.
1486 146 130 27 Specimens
1633 146 27 21 of
1671 146 138 23 bituminous
1825 153 43 15 coa

1277 170 58 22 from
1344 171 37 22 the
1392 172 106 22 northern
1515 172 65 21 shore
1595 172 27 21 of
1632 172 82 22 Cook's
1728 172 67 22 Strait
1809 172 59 22 have

1277 197 57 22 been
1355 198 142 22 transmitted
1514 202 24 17 to
1554 198 38 21 the
1613 199 122 31 Company.
1773 198 95 29 Though

1277 226 40 19 not
1334 231 17 24 a_
1361 230 55 21 very
1428 224 60 27 good
1501 224 93 27 sample,
1604 224 19 22 it
1635 225 89 21 burned
1740 232 54 24 very
1809 226 57 25 well,

1277 249 45 22 and
1330 249 63 27 gives
1401 251 42 21 fair
1451 251 97 27 promise
1560 251 25 20 of
1597 257 14 15 a
1620 251 104 21 valuable
1734 251 100 21 addition
1844 254 23 18 to

1277 275 37 22 the
1330 283 114 15 resources
1461 277 27 21 of
1503 277 38 21 the
1558 277 94 31 Colony.
1689 277 119 22 Ironstone
1826 276 41 22 has

1275 301 58 23 been
1354 302 114 22 exhibited
1485 303 30 26 by
1533 303 39 21 the
1590 307 88 18 natives
1699 303 25 21 of
1744 303 38 22 the
1800 303 67 21 north

1275 328 79 22 island.
1383 329 98 27 Sulphur
1489 331 47 20 also
1554 329 68 21 exists
1635 329 24 22 in
1670 329 38 22 the
1719 329 66 22 north
1793 329 74 22 island

1275 354 24 21 in
1315 354 138 23 abundance.
1490 355 44 22 Mr.
1546 355 84 22 Polack
1647 357 23 20 in
1686 355 35 22 his
1759 355 108 22 Manners

1276 380 45 21 and
1330 381 102 21 Customs
1443 381 27 21 of
1476 381 37 22 the
1521 381 57 22 New
1754 382 113 21 mentions

1275 405 51 28 this,
1337 407 45 21 and
1391 407 74 28 points
1474 411 40 19 out
1522 407 51 22 how
1583 408 103 22 valuable
1696 416 13 13 a
1718 408 62 22 trade
1790 409 18 21 it
1814 415 53 20 may

1275 433 70 21 afford
1362 436 24 18 to
1406 433 43 22 this
1468 437 103 24 country,
1588 441 51 15 now
1658 435 50 21 that
1727 442 41 14 our
1787 434 79 27 supply

1275 459 57 21 from
1350 459 69 28 Sicily
1434 460 100 27 depends
1550 468 61 19 upon
1628 460 39 22 the
1687 461 88 26 caprice
1794 459 26 23 of
1837 468 28 13 an

1283 489 96 22 gnorant
1388 486 86 27 foreign
1489 490 150 22 government
1648 487 154 27 unimpressed
1812 486 53 22 with

1275 511 37 28 the
1322 511 124 28 advantage
1458 513 26 21 of
1490 513 101 21 freedom
1601 513 25 21 of
1635 513 70 23 trade.

1315 551 21 17 In
1410 553 45 19 says
1455 553 35 19 Mr.
1498 553 72 19 Polack,
1627 558 48 12 were
1682 553 91 18 becalmed
1781 554 29 17 six
1815 555 49 19 days,

1273 572 20 16 in
1302 576 12 12 a
1320 572 51 16 small
1379 574 59 15 vessel
1445 578 27 12 we
1479 574 36 16 had
1522 574 95 16 chartered
1625 574 81 20 opposite
1715 576 17 14 to
1744 574 37 16 this
1792 575 74 20 solitary

1274 592 38 19 isle,
1327 593 36 16 and
1376 593 66 21 during
1454 594 32 16 the
1493 594 53 20 night
1554 595 62 19 strong
1622 594 50 17 lurid
1683 595 62 16 flames
1752 599 51 15 were,
1813 595 53 16 with-

1274 614 31 15 out
1310 612 127 20 intermission,
1445 614 69 21 ejected
1522 615 48 16 from
1577 615 31 15 the
1616 616 61 15 centre
1686 616 61 19 crater,
1755 616 37 16 and
1799 616 67 20 during

1273 633 31 16 the
1314 633 34 21 day
1357 633 52 18 thick
1420 635 52 16 black
1482 635 63 16 smoke
1557 639 51 12 arose
1622 635 20 16 in
1655 635 137 21 perpendicular
1802 635 63 17 clouds

1273 653 44 21 high
1324 653 19 17 in
1352 654 34 16 the
1394 654 95 17 boundless
1498 659 52 16 space
1560 655 40 16 that
1607 655 75 20 pointed
1688 660 23 12 us
1722 657 18 15 to
1749 656 31 16 the
1792 656 73 21 locality

1273 673 44 21 long
1329 674 46 17 after
1387 675 24 16 its
1421 675 49 17 loom
1481 675 36 16 had
1528 675 118 21 disappeared
1652 677 19 15 to
1686 680 33 12 our
1729 676 60 16 vision
1802 676 20 16 in
1833 677 32 15 the

1273 694 47 17 clear
1324 694 89 18 'horizon.
1445 696 39 16 The
1497 696 43 16 lava
1554 697 73 20 (punga
1637 697 45 18 reaj
1694 696 15 16 is
1724 697 56 16 found
1795 700 24 13 on
1834 697 31 16 the

1273 715 61 16 shores
1341 715 20 16 of
1369 716 37 16 this
1415 718 55 17 coast,
1482 716 27 16 far
1517 717 69 15 distant
1593 717 47 16 from
1649 717 31 15 the
1692 718 39 19 spot
1738 717 46 16 from
1791 717 73 17 whence

1272 734 43 21 they
1327 739 30 13 are
1368 736 73 20 ejected,
1456 736 37 16 and
1502 736 17 17 is
1531 738 52 15 made
1594 741 33 12 use
1642 737 20 16 of
1672 738 25 19 by
1710 737 31 16 the
1754 737 71 16 natives
1836 738 28 15 for

1272 755 90 21 polishing
1373 757 32 15 the
1416 757 45 15 steel
1472 757 57 16 barrel
1541 757 36 16 and
1591 757 51 16 locks
1653 762 20 11 as
1681 757 40 17 well
1733 762 19 12 as
1764 758 31 16 the
1806 759 59 15 brass-

1272 776 49 16 work
1333 777 19 16 of
1361 777 48 16 their
1420 777 128 16 ammunition.
1570 778 64 15 Active
1642 778 84 16 volcanos
1737 778 38 17 also
1787 778 48 17 exist
1844 778 19 17 in

1273 797 30 15 the
1310 797 74 16 interior
1391 800 49 18 parts
1448 798 20 16 of
1474 798 29 16 the
1512 798 54 16 north
1575 798 73 20 islands,
1661 799 75 19 causing
1747 803 10 11 a
1766 803 97 12 numerous

1272 817 82 20 quantity
1361 818 20 15 of
1385 818 68 21 boiling
1460 818 78 21 springs,
1543 819 105 20 possessing
1654 819 98 20 properties
1761 823 19 12 as
1787 819 77 16 service-

1272 837 40 16 able
1318 839 18 15 to
1343 839 61 15 future
1413 839 87 16 Colonists
1507 843 21 12 as
1539 839 72 16 various
1623 839 19 16 in
1656 840 49 15 their
1718 842 70 14 nature.
1810 839 53 17 From

1272 858 39 16 this
1322 859 72 16 natural
1409 863 72 16 agency,
1496 859 77 20 sulphur
1586 864 42 15 may
1644 860 21 15 be
1680 860 84 16 obtained
1778 859 19 16 in
1815 860 48 20 large

1272 879 96 19 quantities
1376 884 20 12 as
1403 880 81 17 brilliant
1490 879 19 17 in
1517 880 61 16 colour
1585 884 21 12 as
1614 880 40 16 that
1659 880 63 16 article
1728 880 17 16 is
1752 880 56 16 found
1816 882 18 14 to
1841 881 21 16 be

1272 899 17 16 in
1300 899 74 19 Europe.

1337 920 36 16 will
1386 925 54 15 prove
1447 920 93 21 profitable
1552 925 20 12 as
1583 925 23 12 an
1619 922 65 19 export
1691 922 18 15 to
1722 921 58 18 India,
1792 920 46 17 after
1847 921 14 16 it

1272 939 32 16 has
1318 941 103 19 undergone
1434 941 62 16 fusion
1510 941 37 16 and
1561 941 113 19 refinement,
1691 941 91 16 one-third
1795 942 20 16 of
1830 942 31 16 the

1272 961 94 16 substance
1374 962 54 19 being
1437 962 51 16 dross
1497 966 19 12 or
1524 962 70 20 impure
1602 964 72 14 matter.

1313 981 37 16 The
1358 982 62 15 article
1434 982 81 19 sulphur,
1529 983 21 16 of
1563 983 59 16 which
1634 984 41 15 vast
1682 982 98 20 quantities
1789 986 41 16 may
1840 983 21 16 be

1272 1002 82 16 obtained
1369 1002 20 16 in
1404 1002 44 16 JJ>w
1463 1002 85 19 Zealand,
1562 1003 38 16 will
1616 1003 86 20 probably
1715 1007 65 16 appear
1797 1004 18 15 to
1830 1004 31 15 the

1271 1023 62 15 reader
1340 1027 19 12 as
1371 1027 24 12 an
1403 1023 124 20 unimportant
1534 1023 45 16 item
1590 1023 19 16 in
1622 1023 31 17 the
1661 1025 72 18 exports
1741 1023 20 17 of
1770 1023 31 17 the
1812 1024 49 16 Colo-

1271 1042 46 16 nists
1323 1047 4 11 :
1340 1044 31 15 but
1378 1043 47 16 Lord
1432 1043 109 20 Lyndhurst,
1550 1044 19 15 in
1577 1048 11 11 a
1600 1044 103 16 discussion
1715 1048 23 11 on
1750 1044 32 15 the
1793 1044 68 20 subject

1271 1063 19 16 in
1303 1063 30 16 the
1343 1063 63 16 House
1418 1064 21 16 of
1449 1064 54 16 Lords
1515 1064 72 20 (March
1599 1065 16 19 9,
1628 1065 54 19 1840),
1698 1065 90 18 observed,
1799 1065 19 15 in
1830 1065 31 16 the

1272 1087 62 13 course
1341 1084 19 16 of
1369 1084 31 16 the
1408 1084 62 16 debate
1482 1084 59 16 which
1554 1089 50 12 arose
1618 1089 23 12 on
1652 1086 31 15 the
1694 1086 95 19 monopoly
1795 1086 20 15 of
1824 1086 36 15 this

1271 1103 62 17 article
1340 1105 22 19 by
1370 1105 72 15 Sicilian
1451 1105 74 20 royalty,
1539 1106 83 20 contrary
1628 1107 18 14 to
1658 1106 31 16 the
1698 1106 78 20 existing
1789 1106 71 16 treaties

1271 1128 22 12 on
1305 1124 36 17 this
1352 1126 75 19 subject,
1439 1126 40 15 that
1491 1126 30 15 the
1535 1126 75 19 imports
1626 1126 48 16 from
1691 1126 53 20 Sicily
1754 1126 57 19 alone,
1823 1126 37 16 into

1272 1145 53 16 Great
1333 1145 75 19 Britain,
1416 1146 97 16 amounted
1525 1146 18 16 to
1555 1146 49 19 4,000
1618 1147 41 15 tons
1674 1146 21 16 in
1709 1147 39 16 1826
1753 1152 4 14 ;
1769 1147 35 15 and
1815 1147 46 16 from

1272 1166 38 15 that
1319 1166 61 20 period
1388 1167 19 15 to
1420 1166 29 16 the
1460 1171 43 15 year
1512 1166 46 19 1837,
1568 1171 22 12 no
1597 1166 36 17 less
1644 1171 11 12 a
1661 1167 84 19 quantity
1752 1167 43 16 than
1802 1167 58 19 44,000

1271 1187 40 15 tons
1319 1186 20 16 of
1344 1186 76 20 sulphur
1427 1186 37 17 had
1475 1188 46 15 been
1532 1187 94 20 imported,
1640 1188 36 15 and
1689 1188 39 16 that
1735 1187 69 17 British
1814 1192 46 12 mer-

1271 1206 63 17 chants
1342 1211 29 12 are
1378 1207 94 21 suffering,
1481 1207 17 16 in
1506 1212 129 15 consequence,
1649 1213 12 11 a
1672 1208 38 16 lot*
1720 1208 23 21 of
1752 1208 62 21 1,0002.
1823 1213 37 16 per

1272 1227 52 17 diem.
1346 1228 37 15 The
1395 1228 97 20 pugnacity
1503 1228 21 16 of
1533 1228 33 16 the
1575 1228 65 16 Indian
1650 1229 36 15 and
1700 1229 73 16 Persian
1782 1229 77 19 Princes,

1271 1247 51 16 aided
1329 1248 22 20 by
1360 1248 79 16 Russian
1450 1249 83 19 strategy,
1543 1248 36 16 will
1591 1249 65 16 render
1664 1249 54 16 India
1725 1249 30 16 the
1767 1250 47 16 most
1821 1254 40 16 pro-

1271 1268 71 16 ductive
1350 1270 47 14 mart
1404 1268 26 17 for
1438 1269 44 16 New
1491 1269 80 16 Zealand

1298 1302 48 22 The
1361 1303 91 26 general
1468 1303 129 21 conclusion
1615 1307 22 18 to
1655 1303 72 22 which
1742 1311 32 14 we
1790 1303 70 23 arrive

1272 1332 24 17 at
1308 1329 25 26 is,
1345 1329 49 21 that
1408 1329 22 21 in
1447 1330 85 26 variety
1543 1330 26 20 of
1581 1331 143 20 commercial
1739 1338 119 18 resources,

1272 1355 55 21 New
1343 1355 99 22 Zealand
1456 1363 112 20 possesses
1583 1364 30 14 an
1628 1357 126 26 advantage
1769 1364 52 14 over
1830 1357 30 22 all

1272 1389 41 14 our
1330 1382 111 22 Colonies.
1474 1383 48 21 The
1539 1386 79 18 nature
1636 1383 26 21 of
1678 1383 43 21 this
1736 1383 123 27 advantage

1273 1415 50 20 may
1340 1409 26 21 be
1381 1409 69 26 easily
1466 1409 143 21 understood.
1640 1410 21 20 A
1677 1413 94 24 country
1789 1410 70 21 which

1272 1434 39 21 has
1321 1435 52 26 only
1385 1442 25 14 or
1421 1435 133 28 principally
1564 1443 42 13 one
1618 1436 136 27 commodity
1783 1444 23 14 as
1823 1436 36 22 the

1272 1461 62 20 West
1345 1461 81 26 Indies,
1438 1462 83 26 having
1531 1462 56 21 little
1598 1470 61 14 more
1670 1463 54 21 than
1735 1470 71 19 sugar,
1815 1463 45 21 and

1272 1487 55 21 New
1343 1488 130 22 Brunswick
1488 1489 52 26 only
1552 1489 87 25 timber,
1650 1489 18 21 is
1684 1489 66 21 liable
1766 1494 23 17 to
1804 1489 55 21 have

1271 1514 28 20 its
1309 1515 141 21 commercial
1466 1515 70 21 credit
1552 1515 139 21 determined
1706 1516 29 26 by
1747 1516 37 21 the
1802 1519 56 18 state

1272 1540 26 21 of
1309 1540 37 22 the
1362 1541 86 21 market
1465 1548 24 14 as
1505 1545 98 23 respects
1615 1541 47 21 that
1672 1542 83 22 article.
1785 1542 73 22 When

1273 1566 36 22 the
1320 1567 59 27 price
1396 1567 26 21 of
1433 1575 66 19 sugar
1514 1568 19 21 is
1544 1568 137 26 excessively
1693 1569 116 25 depressed
1823 1569 37 21 the

1273 1593 61 21 West
1352 1594 75 21 Indies
1442 1594 58 22 have
1516 1594 97 27 nothing
1627 1598 22 18 to
1665 1595 39 21 fall
1721 1595 57 21 back
1788 1602 70 19 upon;

1270 1620 41 21 but
1325 1620 73 21 where
1415 1627 13 14 a
1444 1623 94 24 country
1554 1621 39 21 has
1607 1628 68 20 many
1691 1628 120 19 resources,
1823 1621 36 22 the

1272 1646 127 27 depression
1416 1647 25 21 of
1454 1654 42 14 one
1512 1648 20 20 is
1548 1651 39 17 not
1599 1647 150 22 inconsistent
1763 1648 52 21 with
1831 1656 27 14 an

1272 1674 70 20 active
1353 1673 61 21 trade
1425 1674 21 20 ir>
1458 1673 101 27 another,
1571 1681 24 13 so
1610 1674 48 21 that
1668 1674 38 22 the
1717 1675 70 21 whole
1797 1681 60 15 com-

1273 1700 88 21 mercial
1376 1700 60 26 body
1449 1700 20 21 is
1484 1700 74 27 rarely
1575 1700 120 27 depressed
1709 1705 23 17 at
1748 1701 37 21 the
1799 1708 61 14 same

1272 1726 52 21 time
1333 1734 5 17 ;
1368 1733 74 19 never,
1460 1727 88 26 indeed,
1573 1727 40 21 but
1634 1727 64 21 when
1721 1728 138 20 commercial

1273 1752 70 22 credit
1359 1753 40 21 has
1414 1753 102 21 received
1535 1761 42 13 one
1588 1754 26 20 of
1625 1753 63 22 those
1700 1754 78 21 shocks
1788 1754 72 21 which

1272 1780 126 21 sometimes
1414 1787 67 14 occur
1497 1780 24 21 in
1536 1780 61 26 large
1612 1780 131 22 mercantile
1760 1787 98 15 commu-

1271 1806 72 26 nities,
1354 1806 45 21 and
1409 1806 36 21 the
1455 1806 145 27 explanation
1618 1806 25 21 of
1656 1806 72 22 which
1747 1806 65 22 could
1821 1810 39 18 not

1271 1832 27 21 be
1315 1832 67 26 given
1402 1832 77 21 within
1502 1832 38 21 the
1560 1832 114 22 moderate
1700 1841 65 19 space
1789 1833 70 22 which

1272 1858 64 22 could
1346 1859 27 21 be
1383 1858 94 22 allotted
1487 1862 22 18 to
1519 1859 19 21 it
1547 1859 24 21 in
1581 1859 43 21 this
1635 1867 75 18 paper.

1298 1892 42 22 We
1355 1892 58 22 have
1430 1900 52 14 now
1503 1893 121 21 examined
1644 1893 163 27 prospectively
1823 1893 37 22 the

1271 1919 74 21 future
1362 1922 80 24 export
1458 1919 63 21 trade
1537 1919 26 21 of
1576 1919 56 21 New
1648 1919 99 21 Zealand
1763 1927 23 14 as
1801 1927 60 14 com-

1271 1945 83 27 pletely
1363 1953 24 13 as
1397 1945 37 22 the
1448 1948 92 24 present
1556 1948 57 19 state
1624 1947 26 20 of
1662 1953 41 14 our
1717 1946 143 22 information

1272 1971 44 21 wffi
1332 1972 87 26 permit.
1448 1973 41 19 We
1504 1972 59 20 have
1580 1972 78 21 shown
1676 1972 48 20 that
1738 1972 38 21 she
1787 1973 17 21 is
1814 1972 47 22 rich

1272 1997 23 21 in
1442 1997 80 26 which,
1538 1997 65 21 when
1620 1997 57 32 fully
1694 1998 122 26 developed
1831 1999 29 24 by

1272 2022 37 22 the
1326 2022 143 27 intelligence
1486 2023 45 21 and
1548 2030 84 19 energy
1642 2023 73 21 which
1732 2024 129 26 systematic

1272 2048 150 22 Colonisation
1437 2049 18 22 is
1473 2056 49 14 now
1540 2049 88 27 rapidly
1646 2050 85 26 casting
1747 2057 61 20 upon
1824 2050 36 21 the

1272 2079 99 23 country,
1390 2075 45 21 will
1450 2075 63 28 place
1533 2076 38 21 the
1590 2076 136 32 purchasing
1745 2084 73 19 power
1838 2077 26 21 of

1272 2101 54 21 New
1337 2102 100 21 Zealand
1453 2103 123 26 extremely
1592 2102 54 27 high
1663 2103 24 21 in
1698 2103 127 26 proportion
1837 2107 23 17 to

1272 2128 36 21 the
1317 2128 135 28 population.
1482 2129 44 21 But
1541 2129 63 21 there
1621 2129 20 21 is
1657 2129 94 21 auother
1766 2129 95 28 descrip-

1272 2154 45 22 tion
1328 2155 26 21 of
1359 2155 63 21 trade
1432 2158 22 18 to
1472 2155 72 21 which
1561 2162 33 14 we
1610 2155 92 21 alluded
1716 2156 23 20 in
1757 2163 40 13 our
1815 2156 47 21 first

1271 2189 67 19 paper
1353 2181 25 22 of
1394 2182 42 20 this
1452 2182 69 21 series
1539 2182 34 20 for
1590 2182 74 21 which
1683 2182 56 21 New
1759 2182 102 22 Zealand

1272 2215 108 19 possesses
1388 2208 99 26 peculiar
1496 2208 145 26 advantages.

1308 2241 16 15 A
1430 2244 25 12 we
1463 2241 44 15 then
1515 2241 46 19 said,
1593 2245 42 17 may
1643 2246 52 16 carry
1703 2245 23 12 on
1733 2246 24 11 an
1768 2241 93 17 extensive

1270 2261 56 18 trade,
1338 2261 76 16 without
1425 2265 35 16 any
1477 2262 44 15 such
1533 2262 107 19 productive
1655 2262 131 20 advantages
1786 2262 76 16 without

1270 2281 98 21 producing
1374 2286 35 12 one
1417 2281 57 21 single
1482 2282 61 16 article
1552 2282 20 16 in
1579 2283 79 15 demand
1665 2283 19 15 in
1691 2283 51 15 other
1750 2283 90 16 couutries

1270 2302 74 17 without
1355 2307 47 11 even
1413 2302 98 21 producing
1524 2303 72 20 enough
1611 2303 20 16 of
1641 2307 36 16 any
1689 2307 34 12 one
1735 2303 61 16 article
1803 2303 27 16 for
1838 2303 23 16 its

1270 2327 39 11 own
1316 2323 125 20 consumption
1446 2328 4 14 ;
1463 2323 36 16 and
1510 2327 42 16 may
1559 2324 21 15 be
1592 2328 21 11 so
1625 2323 79 17 situated
1713 2328 18 12 as
1740 2325 17 15 to
1768 2324 71 16 become
1852 2329 10 11 a

1270 2344 49 19 great
1334 2343 112 16 commercial
1460 2343 59 20 depot,
1532 2344 86 20 enjoying
1631 2348 11 11 a
1653 2344 49 20 large
1714 2344 81 20 carrying
1804 2345 56 19 trade,

1270 2364 35 16 and
1312 2364 99 20 becoming,
1418 2364 23 20 by
1447 2368 63 12 means
1521 2364 20 16 of
1551 2364 40 16 that
1602 2364 56 19 trade,
1672 2364 94 21 populous,
1778 2365 82 20 wealthy,

1270 2385 36 15 and

1298 2411 33 23 Of
1338 2411 42 22 this
1390 2412 134 27 description
1536 2412 26 22 of
1568 2412 62 22 trade
1638 2419 33 15 we
1681 2420 56 19 gave
1749 2412 113 22 Gibraltar

1271 2446 23 14 as
1313 2445 28 15 an
1359 2439 110 21 instance.
1507 2439 24 21 It
1548 2439 23 21 is
1587 2446 14 14 a
1623 2439 56 21 rock
1686 2447 6 19 ;
1717 2439 18 21 it
1752 2439 109 27 produces

1270 2465 106 26 nothing;
1402 2465 19 21 it
1437 2465 40 22 has
1497 2472 57 15 even
1577 2465 58 22 little
1658 2465 64 23 trade
1745 2466 54 21 with
1823 2465 38 23 the

1270 2491 102 26 interior;
1395 2492 40 21 but
1448 2492 20 21 it
1482 2491 19 22 is
1518 2492 51 21 well
1585 2492 98 22 situated
1698 2500 23 14 as
1737 2500 13 14 a
1766 2492 62 28 place
1839 2493 27 21 of

1272 2518 91 27 deposit,
1376 2518 45 22 and
1428 2519 28 21 its
1466 2518 128 22 merchants
1604 2526 60 19 grow
1676 2519 104 26 wealthy.

1299 2551 104 27 England
1418 2552 78 27 enjoys
1505 2552 56 21 both
1572 2552 67 22 kinds
1651 2553 26 20 of
1688 2552 70 22 trade.
1787 2552 44 22 She
1841 2552 19 22 is

1270 2577 47 22 rich
1330 2578 22 21 in
1363 2578 130 26 productive
1508 2585 121 21 resourses,
1646 2579 47 22 and
1706 2579 70 22 above
1787 2579 30 22 all
1835 2579 25 22 in

1271 2604 37 21 the
1323 2604 51 22 skill
1392 2605 44 22 and
1453 2612 85 20 energy
1557 2605 25 21 of
1599 2605 42 22 her
1655 2606 87 27 pepple,
1760 2606 45 21 and
1822 2605 39 22 she

1271 2631 39 21 has
1321 2630 36 22 the
1374 2631 87 22 further
1472 2632 127 26 advantage
1614 2632 26 21 of
1651 2639 14 14 a
1672 2632 104 27 'position
1792 2632 69 21 admi-

1270 2658 64 26 rably
1343 2658 97 26 adapted
1454 2661 23 18 to
1496 2665 133 15 commerce.
1666 2659 23 20 A
1706 2662 93 19 country
1812 2665 49 15 sur-

1271 2684 100 22 rounded
1390 2685 31 27 by
1441 2685 113 22 excellent
1570 2684 118 28 harbours,
1703 2684 37 22 the
1755 2684 74 22 habits
1839 2685 26 21 of

1270 2711 42 21 her
1321 2711 80 27 people
1412 2715 60 18 must
1487 2712 28 21 be
1532 2712 138 27 necessarily
1687 2711 126 23 influenced
1830 2711 32 27 by

1274 2737 40 22 her
1323 2738 86 21 insular
1416 2738 104 26 position.

1299 2770 63 27 Now,
1373 2771 94 27 making
1483 2771 123 21 allowance
1616 2771 35 21 for
1659 2771 39 21 the
1707 2770 155 27 undeveloped

1272 2797 73 21 infant
1358 2801 57 18 state
1432 2798 26 21 of
1470 2797 56 22 New
1544 2797 109 27 Zealand,
1673 2798 46 21 and
1737 2798 39 21 the
1792 2797 70 22 above

1274 2824 134 26 description
1418 2832 52 19 may
1479 2824 52 22 well
1540 2825 29 21 be
1579 2824 149 28 predictively
1741 2824 88 28 applied
1840 2827 22 18 to

1272 2850 45 27 her,
1338 2858 32 14 we
1387 2858 37 14 are
1441 2851 101 27 tempted
1558 2855 23 17 to
1599 2854 85 24 repeat,
1702 2851 22 21 in
1741 2851 38 21 the
1792 2851 70 21 words

1273 2877 25 21 of
1314 2877 39 21 Dr.
1371 2877 70 27 Lang,
1531 2878 21 21 is
1570 2878 104 21 destined
1690 2881 23 18 to
1723 2878 92 21 become
1826 2878 36 20 the

1275 2904 68 21 Great
1354 2904 86 21 Britain
1450 2904 27 22 of
1488 2905 38 21 the
1535 2904 107 22 southern

1298 2937 48 21 The
1357 2937 49 27 Bay
1415 2937 26 22 of
1452 2937 90 22 Islands
1550 2937 42 22 has
1604 2937 56 28 long
1672 2938 59 21 been
1747 2937 36 22 the
1793 2940 71 19 resort

1273 2963 25 22 of
1305 2963 82 22 vessels
1395 2964 100 27 engaged
1501 2965 25 20 in
1533 2964 39 21 the
1578 2964 63 21 trade
1649 2963 28 22 of
1682 2964 39 21 the
1726 2964 68 21 South
1802 2964 60 21 Seas.

1272 2990 78 27 There,
1374 2990 61 21 fresh
1451 2994 76 23 water,
1547 2991 63 27 pork,
1630 2991 47 21 and
1696 2994 107 24 potatoes
1823 2998 38 13 are

1273 3017 81 26 always
1376 3020 25 18 to
1425 3017 27 22 be
1470 3017 72 22 found
1558 3017 24 22 in
1602 3017 146 22 abundance:
1773 3017 45 22 and
1837 3024 25 14 so

1273 3043 115 22 attractive
1409 3043 40 22 has
1474 3043 38 22 the
1536 3044 50 27 Bay
1608 3044 101 27 become,
1733 3044 50 21 that
1801 3043 62 28 ships

1274 3070 106 27 annually
1390 3073 40 24 put
1439 3071 24 21 in
1474 3070 63 22 there
1542 3070 36 22 for
1581 3070 107 27 supplies.
1717 3070 53 22 Thi3
1778 3069 84 28 species

1273 3097 25 21 of
1314 3097 135 21 intercourse
1468 3097 43 21 will
1520 3097 171 21 henceforward
1702 3097 52 21 take
1764 3096 63 32 place
1839 3099 24 18 at

1274 3123 53 21 Port
1336 3123 124 22 Nicholson
1471 3123 45 22 and
1525 3123 65 22 other
1598 3123 117 22 harbours.
1747 3121 48 23 The
1805 3123 55 21 vari-

1273 3157 39 14 ous
1331 3149 112 22 excellent
1451 3150 111 22 harbours
1574 3150 26 21 of
1611 3150 39 22 the
1661 3149 108 22 southern
1778 3149 80 26 island,

1276 3176 85 27 Cloudy
1371 3177 56 27 Bay,
1438 3177 79 24 Queen
1527 3177 136 21 Charlotte's
1677 3176 82 26 Sound,
1771 3175 44 22 and
1825 3175 38 22 the

1272 3203 108 22 harbours
1390 3203 24 21 in
1424 3203 130 28 Admiralty
1563 3203 56 27 Bay,
1630 3210 38 14 are
1674 3202 69 22 much
1749 3203 114 23 frequent-

1273 3229 28 22 ed
1309 3229 31 27 by
1352 3229 110 28 shipping,
1479 3229 45 23 and
1541 3237 25 14 as
1581 3229 133 32 population
1732 3227 130 23 establishes

1272 3256 64 22 itself
1345 3255 71 28 there,
1427 3256 38 22 the
1474 3256 72 22 traffic
1555 3256 46 22 will
1610 3255 88 28 greatly
1707 3255 106 22 increase.

1299 3288 48 23 The
1361 3292 65 24 great
1444 3289 119 22 drawback
1580 3296 29 15 on
1628 3288 63 28 ships
1707 3287 165 28 visitirigVNew-,

1272 3314 99 23 Zealand
1380 3315 41 22 has
1429 3315 99 22 hitherto
1538 3316 57 21 been
1607 3314 38 23 the
1656 3318 62 19 want
1727 3315 24 21 of
1762 3315 44 22 law
1815 3314 45 23 and

1273 3341 72 23 order.
1387 3342 24 23 A
1428 3342 72 22 vessel
1519 3342 92 26 visiting
1626 3341 57 22 New
1701 3341 100 22 Zealand
1816 3348 54 16 was.

1273 3375 49 15 sure
1332 3372 22 18 to
1363 3368 49 22 lose
1428 3372 51 24 part
1493 3368 26 22 of
1535 3368 41 22 her
1592 3375 59 15 crew
1658 3376 5 19 ;
1682 3368 72 22 hence
1768 3368 97 27 prudent

1272 3394 153 28 ship-masters
1437 3394 97 23 avoided
1543 3395 38 22 the
1588 3394 54 23 risk.
1670 3394 67 27 Now,
1751 3394 111 26 however,

1272 3421 49 22 that
1329 3421 38 22 the
1376 3421 44 22 law
1428 3422 44 21 will
1482 3421 68 22 reach
1561 3421 42 22 the'
1608 3427 107 21 runaway
1731 3421 72 27 sailor,
1820 3422 45 21 and

1274 3447 36 22 the
1321 3448 70 27 crimp
1401 3448 30 28 by
1439 3448 75 22 whom
1522 3448 31 21 he
1568 3448 19 21 is
1601 3448 99 22 induced
1715 3450 22 19 to
1754 3448 62 21 leave
1830 3446 35 23 his

1273 3474 55 28 ship,
1338 3474 56 22 New
1404 3474 108 25 Zealand,
1523 3481 25 15 as
1565 3474 37 21 the
1616 3478 65 23 great
1697 3478 76 18 centre
1787 3474 25 21 of
1825 3474 39 21 the

1273 3500 70 23 South
1352 3501 43 21 Sea
1401 3508 133 20 commerce,
1543 3504 61 19 must
1609 3501 95 22 become
1712 3500 37 22 th
1755 3500 110 27 principal

1273 3528 103 27 stopping
1385 3527 64 27 place
1458 3528 26 21 in
1494 3528 64 21 those
1578 3534 56 15 seas.
1668 3527 68 22 From
1751 3523 44 26 this
1812 3526 53 22 time

1272 3554 101 26 forward,
1392 3554 118 27 therefore,
1527 3561 34 14 we
1576 3561 52 19 may
1648 3553 54 26 look
1720 3554 34 21 for
1773 3560 13 14 a
1803 3556 63 23 great

1272 3580 99 22 increase
1381 3580 25 22 in
1416 3580 38 22 the
1458 3580 139 22 intercourse
1603 3580 25 21 of
1638 3580 58 21 New
1703 3579 100 22 Zealand
1813 3579 53 22 with

1274 3606 36 22 the
1321 3607 104 27 shipping
1432 3607 26 21 of
1470 3607 37 22 the
1517 3606 72 22 South
1599 3607 54 21 Seas
1676 3606 20 21 it
1712 3606 47 21 will
1773 3606 93 21 become

1274 3633 36 22 the
1318 3636 63 24 great
1392 3633 62 27 shop,
1467 3640 24 15 so
1507 3636 22 18 to
1545 3633 76 27 speak,
1639 3633 35 20 for
1688 3632 38 21 the
1743 3640 38 13 sea
1795 3634 71 19 stores

1273 3660 44 21 and
1328 3659 65 22 other
1402 3659 99 28 supplies'
1509 3659 74 22 which
1592 3659 38 21 the
1639 3659 107 27 shipping
1754 3658 45 22 and
1808 3658 59 22 their

1274 3693 71 15 crews
1354 3693 54 21 may
1417 3686 96 28 require.
1543 3686 54 20 New
1606 3686 96 20 Zealand
1709 3686 97 20 Journal.

74 3580 44 25 We
129 3590 36 16 are
174 3582 78 31 happy
263 3587 22 19 to
297 3584 28 22 be
345 3584 50 24 able
414 3589 24 19 to
449 3593 118 17 announce
579 3586 49 24 that

45 3619 12 15 a
67 3612 61 32 large
138 3615 96 23 number
245 3615 27 24 of
285 3617 64 23 rural
367 3618 98 23 sections
484 3621 24 20 at-

45 3646 45 27 nui,
99 3647 45 24 will
155 3648 29 23 be
196 3655 58 24 open
266 3652 23 19 to
301 3649 110 23 selection
421 3650 23 23 in
462 3651 39 23 the
513 3659 80 17 course
605 3652 24 24 of

45 3685 13 15 a
67 3679 41 23 few
116 3680 83 25 weeks.
224 3681 51 23 The
285 3681 92 23 holders
386 3682 25 22 of
419 3682 39 24 the
466 3685 83 22 second
557 3686 70 23 series

45 3710 23 22 of
82 3712 75 24 orders
167 3713 58 24 have
236 3721 50 16 now
296 3714 75 23 before
378 3714 63 25 them
450 3723 14 15 a
470 3716 44 23 fair
520 3722 108 26 prospect

47 3743 23 22 of
83 3744 82 32 having
181 3746 30 24 all
228 3746 59 24 their
299 3746 79 24 claims
390 3747 102 25 satisfied
503 3753 23 19 at
537 3757 30 15 no
579 3750 47 23 dis-

46 3779 46 21 tant
103 3777 58 24 date.

1301 3753 48 22 The
1358 3757 116 24 prospects
1490 3754 26 21 of
1534 3753 58 22 New
1611 3753 111 26 Zaaland,
1738 3760 24 14 as
1777 3753 92 26 regards

1274 3780 148 27 Emigration,
1433 3787 38 15 are
1481 3780 84 23 indeed
1575 3779 126 28 extremely
1708 3779 160 27 encouraging.

1275 3806 27 21 In
1313 3807 38 20 the
1361 3807 51 21 first
1420 3807 72 27 place,
1503 3807 39 21 the
1554 3806 132 28 disposition
1700 3809 24 18 to
1732 3806 107 26 emigrate
1849 3806 20 21 is

1274 3832 89 27 rapidly
1376 3833 129 27 increasing
1514 3841 5 19 ;
1541 3833 53 26 and,
1614 3833 25 21 in
1662 3832 39 22 the
1717 3832 89 27 second,
1826 3832 43 22 cir-

1275 3862 143 19 cumstances
1437 3859 59 22 have
1522 3857 102 23 directed
1649 3858 38 22 the
1709 3859 76 26 public
1806 3858 64 22 mind

1276 3885 98 22 towards
1385 3885 57 22 New
1449 3885 112 22 Zealand.
1649 3885 108 27 droughts
1766 3888 22 19 to
1797 3885 73 22 which

75 3840 56 24 The-
136 3841 40 24 Sir
183 3842 62 24 John
256 3843 113 23 Franklin
378 3844 88 23 arrived
474 3852 30 15 on
512 3846 114 32 Saturday

44 3871 48 31 last,
104 3874 56 24 from
173 3874 155 30 Launceston,
341 3876 74 27 which
425 3876 41 24 she
484 3877 40 25 left
541 3886 31 16 on
586 3879 39 23 the

677 3585 10 10 *
699 3584 37 16 Tho
742 3583 92 21 following
840 3587 65 18 papers
912 3584 48 16 have
972 3585 88 20 appeared
1065 3590 4 11 :
1093 3585 15 16 I.
1119 3585 29 16 On
1159 3586 32 16 the
1203 3586 39 17 New

656 3604 77 17 Zealand
739 3604 51 19 Flax,
799 3604 33 16 No.
840 3605 16 18 3,
865 3608 45 16 page
917 3605 21 15 25
961 3605 17 20 (a
985 3609 56 17 paper
1048 3606 24 20 by
1079 3610 11 12 a
1096 3606 119 20 contributor,
1224 3610 19 13 on

675 3626 44 15 New
729 3625 80 18 Zealand
908 3625 38 16 also
959 3626 87 20 appeared
1054 3626 19 17 in
1085 3626 31 17 the
1123 3627 41 16 first
1171 3627 71 16 number

655 3646 20 16 of
687 3646 30 16 the
732 3646 45 16 New
791 3645 79 17 Zealand
886 3645 88 20 Journal).
1000 3646 27 16 11.
1039 3647 28 16 On
1080 3647 32 16 the
1124 3647 120 20 Agricultural

655 3666 104 20 Resources,
770 3666 35 17 No.
811 3667 15 19 4,
835 3671 46 15 page
889 3667 26 16 37.
938 3666 36 17 111.
985 3667 39 16 The
1037 3667 51 19 Vine,
1101 3668 32 16 the
1145 3668 58 19 Olive,
1218 3668 28 17 the

655 3687 74 21 Orange,
736 3687 37 19 &c,
788 3686 33 17 No.
828 3688 16 18 5,
858 3691 44 16 page
910 3688 27 15 50.
959 3687 33 18 IV,
1004 3688 38 16 The
1051 3688 73 16 Timber
1136 3688 64 20 Trade,
1214 3688 24 17 No

656 3708 24 19 11,
691 3712 43 16 page
743 3708 36 15 138.
803 3707 21 16 V.
835 3707 40 17 The
883 3707 97 20 Fisheries,
988 3708 35 16 No.
1033 3709 24 19 12,
1065 3713 45 16 page
1119 3709 37 16 152.

675 3729 11 17 t
696 3728 41 17 Coal
743 3728 33 16 has
790 3728 45 16 been
839 3728 66 16 -found
919 3726 20 18 at
951 3728 95 19 Wiamate,
1061 3729 80 17 between
1157 3727 89 19 Taranalti

654 3749 35 16 and
696 3748 41 17 Fort
744 3748 98 17 Nicholson
848 3753 5 14 ;
864 3748 15 17 it
886 3749 16 16 is
914 3753 42 12 now
967 3749 92 20 generally
1069 3749 90 21 supposed
1170 3749 51 16 there
1232 3749 11 17 l

654 3769 37 16 coal
699 3770 18 15 at
727 3768 32 17 the
769 3769 54 16 latter
835 3768 57 21 place.
915 3769 18 16 It
943 3768 17 18 is
971 3769 40 17 said
1021 3771 19 15 to
1047 3770 21 16 be
1080 3769 20 17 in
1111 3770 107 16 abundance
1229 3768 18 18 at

654 3789 89 21 Wyderop,
753 3789 75 16 Palliser
835 3789 44 20 Bay.
901 3789 45 17 This
953 3789 16 16 is
976 3791 20 16 at
1003 3790 51 17 three
1061 3789 59 21 places
1128 3794 24 13 on
1160 3790 37 16 this
1208 3790 39 17 iide

654 3810 19 15 of
685 3810 46 16 Cook
732 3808 4 8 1
758 3809 70 17 Straits.
849 3809 19 17 It
881 3809 34 17 has
929 3810 46 16 been
988 3810 75 20 shipped
1077 3810 47 16 from
1138 3808 106 23 Wanganui,

654 3830 45 20 Cape
708 3829 89 19 Farewell,
809 3829 37 16 and
858 3829 16 16 is
886 3829 69 17 known
967 3831 19 15 to
998 3830 48 17 exist
1060 3831 19 14 at
1093 3830 94 17 Massacre
1198 3831 37 19 Bay
1241 3841 5 4 .

652 3850 50 16 these
710 3854 28 12 are
745 3851 35 15 two
788 3850 59 19 places
862 3854 24 12 on
900 3850 32 16 the
946 3850 54 16 other
1011 3850 38 16 side
1061 3850 21 16 of
1092 3850 31 16 the
1131 3850 71 17 Straits.
1226 3852 15 15 In

653 3869 29 19 all,
693 3870 33 15 five
738 3870 59 19 places
809 3869 19 16 in
840 3869 64 17 Cook's
915 3870 65 17 Straits
992 3871 20 16 at
1023 3870 59 17 which
1091 3870 38 18 coal
1143 3871 54 16 have-
1201 3871 43 16 been

652 3890 82 16 found.
734 3890 34 16 Ed.
777 3889 25 17 N.
809 3889 24 17 Z.
844 3889 88 17 Oazett*.

1924 1053 38 24 On
1974 1054 39 23 the
2032 1054 135 31 Serpentine
2184 1056 66 28 river,
2270 1056 25 23 in
2313 1056 69 31 Hyde
2403 1056 72 30 Park,

1889 1094 30 14 on
1931 1087 192 30 Christmas-day,
2136 1089 19 22 it
2166 1089 19 22 is
2197 1088 124 24 calculated
2337 1089 63 23 there
2418 1098 57 15 were

1889 1119 82 31 during
1983 1119 37 23 the
2032 1120 44 30 day
2087 1120 78 32 nearly
2177 1123 91 26 40,000
2279 1129 94 23 persons
2390 1130 30 15 on
2436 1122 39 24 the

1889 1152 41 23 ice.
1967 1152 51 23 The
2030 1152 160 24 thermometer
2201 1159 24 17 at
2236 1155 36 22 six
2284 1154 87 24 o'clock
2387 1159 88 26 yester-

1889 1184 42 30 day
1945 1186 95 29 evening
2052 1185 45 23 had
2108 1186 62 23 sunk
2188 1191 23 18 to
2232 1188 30 22 18
2279 1186 101 31 degrees,
2400 1195 25 16 or
2444 1190 31 21 14

1889 1216 93 31 degrees
1994 1218 73 22 below
2077 1218 110 31 freezing,
