2540 4039
2271 621 98 42 [Vol.
2391 622 67 31 HI.

57 47 2418 28 THE

57 107 463 135 NEW
568 107 937 132 ZEALAND
1592 105 883 160 GAZETTE

1240 268 100 32 AND

57 300 1152 166 WELLINGTON
1324 300 1151 166 SPECTATOR.

590 499 221 40 PUBLISHED
858 500 132 38 EVERY
1034 498 257 40 WEDNESDAY
1335 499 88 37 AND
1470 500 229 36 SATURDAY
1745 500 208 38 MORNSNC.

613 616 131 32 PORT
767 616 287 40 NICHOLSON,
1077 614 259 35 SATURDAY
1359 615 242 40 MORNING,
1623 618 150 31 APRIL
1795 622 51 34 30,
1871 623 89 28 1842.

78 624 65 31 No.
160 623 85 38 137.]

2054 711 39 20 To
2108 711 34 21 be
2157 711 65 21 Sold
2242 718 29 15 or
2284 714 57 21 Let.
2418 719 8 16 ,-
2439 728 6 6 >
2459 708 13 27 {

1902 739 95 24 TWO
2010 740 101 22 Wooden
2123 741 95 27 Houses,
2229 741 262 31 ontheTinakore-road,

1912 764 25 23 X
1981 767 37 21 the
2037 768 84 20 second
2139 775 50 14 acre
2207 769 56 21 from
2284 769 93 27 Captain
2387 771 105 27 .Smith's,

1949 794 130 26 containing
2092 794 52 22 four
2152 802 74 14 rooms
2236 795 44 21 and
2295 802 13 14 a
2321 803 98 20 passage,
2435 798 57 22 each

1904 819 53 22 with
1975 820 52 22 zinc
2046 821 65 25 roofs,
2138 821 46 21 and
2206 821 23 22 in
2253 829 71 20 every,
2337 828 88 23 respect
2442 824 51 22 well

1902 846 104 22 finished.
2035 847 131 22 Terms—lf
2173 848 54 27 sold,
2239 848 59 22 £150
2309 849 35 21 for
2349 849 54 23 each
2408 850 70 22 house
2486 859 6 19 ;

1901 872 21 22 if
1933 873 38 27 let,
1984 874 31 22 £1
2027 881 40 20 per
2077 874 62 22 week
2149 874 33 22 for
2192 874 55 22 each
2255 875 78 23 house.
2360 877 110 27 Applyto

2267 915 3 9 '
2297 909 74 22 James
2385 909 81 23 Watt.

1914 933 146 28 Wellington,
2070 934 58 22 Nov.
2138 934 34 27 27,
2182 936 60 21 1841.
2396 950 2 5 .

2137 980 126 21 Caution.

1905 1011 273 49 STORE-KEEPERS
2198 1013 67 22 AND
2286 1013 122 23 OTHERS
2428 1015 65 22 ARE

1951 1039 120 28 requested
2081 1042 22 19 to
2113 1040 50 27 give
2174 1047 29 14 no
2215 1048 77 19 peison
2302 1041 110 22 whatever
2422 1042 70 22 credit

1903 1065 34 21 for
1946 1066 71 26 goods
2027 1067 24 21 in
2060 1066 37 22 the
2109 1074 66 14 name
2190 1067 26 21 of
2227 1067 49 22 Mr.
2287 1067 97 28 Levein,
2395 1069 100 21 cabinet-

1903 1092 86 27 maker,
2003 1093 25 21 of
2039 1093 119 22 Thorndon
2168 1093 57 28 Flat,
2236 1101 23 15 as
2274 1094 19 21 it
2304 1095 28 21 is,
2338 1099 42 17 not
2388 1096 105 26 required

1901 1119 31 26 by
1942 1119 57 28 him,
2010 1119 45 23 and
2065 1120 27 22 he
2102 1120 47 22 will
2158 1124 40 18 not
2207 1128 43 20 pay
2260 1121 34 21 for
2305 1121 36 21 the
2354 1129 69 14 same.

1931 1154 68 27 April
2008 1156 33 24 22,
2053 1156 60 20 1842.

2164 1199 74 21 Beef.

1904 1232 53 49 IN
1967 1231 161 22 ADDITION
2137 1235 23 18 to
2170 1232 34 21 his
2210 1231 64 22 usual
2284 1232 68 28 stock,
2365 1233 37 22 the
2411 1234 83 21 under-

1942 1265 4 2 •
1963 1258 78 27 signed
2051 1265 41 14 can
2104 1258 54 23 offer
2166 1265 14 15 a
2194 1258 48 23 few'
2251 1259 80 22 tierces
2346 1259 45 22 and
2408 1260 86 23 barrels

1904 1284 74 28 prime
1989 1285 43 22 salt
2041 1285 57 22 beef.
2325 1288 4 6 '
2363 1307 3 2 .

2306 1312 63 23 John
2384 1312 82 24 Wade.

1931 1338 33 22 Te
1975 1339 54 26 Aro,
2043 1338 65 27 April
2118 1340 33 25 19,
2163 1339 61 22 1842.

1904 1383 179 48 WANTED
2108 1383 22 21 A
2158 1383 87 22 GOOD
2276 1383 91 23 COOK.
2418 1385 77 28 Apply

2003 1413 22 18 to
2034 1409 38 21 the
2082 1410 154 22 Freemason's
2245 1411 93 22 Tavern.
2438 1420 2 3 •
2449 1420 4 3 •
2462 1414 4 9 :

1933 1443 188 27 Lambton-quay,
2138 1443 64 27 April
2212 1446 19 24 8,
2245 1445 59 20 1842.

2050 1488 86 21 Town
2151 1488 85 21 Acres
2250 1490 28 20 to
2294 1490 57 20 Let.

1906 1521 181 49 NUMBERS
2097 1529 30 14 on
2138 1522 37 21 the
2183 1523 238 27 Surveyor-General's
2432 1530 61 20 map,

2095 1550 42 20 510
2300 1551 40 20 263

1934 1575 44 22 For
1987 1576 136 27 particulars,
2135 1575 67 28 apply
2209 1578 22 19 to
2242 1576 105 27 Wallace,
2361 1576 78 26 White,
2450 1577 45 22 atid

1907 1602 108 22 Wallace.

2095 1648 43 20 Ex

1908 1681 94 48 THE
2016 1681 150 28 undersigned
2181 1681 41 22 has
2234 1682 48 27 just
2298 1681 102 23 received
2415 1689 14 15 a
2439 1689 54 15 con-

1984 1709 112 26 signment
2115 1709 27 21 of
2158 1716 62 19 maps
2239 1708 45 22 arid
2303 1709 72 21 charts
2394 1709 58 21 from
2471 1709 24 22 J.

1908 1734 95 28 Wyld's,
2027 1735 97 27 Charing
2147 1735 72 27 Cross,
2245 1735 144 28 Geographer
2411 1739 23 18 to
2458 1735 37 22 the

1909 1761 87 28 Queen,
2007 1762 36 22 viz
2050 1769 5 14 :
2057 1773 28 4 —

1935 1788 75 27 Large
2019 1792 43 18 two
2072 1789 64 22 sheet
2147 1796 51 19 map
2208 1788 26 22 of
2241 1789 54 22 New

1936 1815 51 22 One
1998 1815 64 22 sheet
2069 1820 55 23 map'
2131 1817 27 20 of
2164 1815 57 22 New
2231 1815 105 28 Zealand,

1936 1842 107 22 Chaffers'
2061 1843 63 21 chart
2141 1843 25 21 of
2181 1843 79 21 Cook's
2280 1843 85 28 Straits,
2384 1843 54 21 with
2458 1842 38 23 the

1907 1869 68 21 latest
1985 1869 117 27 additions,
2366 1872 2 6 '
2392 1876 3 3 '
2409 1873 3 5 '

1937 1895 107 23 Chaffers'
2055 1896 62 22 chart
2128 1896 26 22 of
2160 1896 53 22 Port
2222 1895 130 28 Nicholson,

1936 1922 133 22 Mercator's
2079 1923 65 22 chart
2154 1923 24 21 of
2189 1923 38 22 the
2239 1923 75 27 world;
2325 1924 40 21 &c.
2377 1923 40 22 &c.
2427 1923 42 22 &c.

2268 1956 110 22 William
2394 1956 74 22 Lyon.

1909 1982 86 23 Corner
2004 1983 26 22 of
2036 1982 153 24 Willis-street
2198 1983 45 22 and
2253 1983 188 28 Lambton-quay.

2084 2010 80 21 March
2173 2011 21 25 8,
2204 2011 62 20 1842.
2309 2033 3 3 .
2377 2034 2 3 
2389 2010 24 27 ;,.

1977 2055 54 20 For
2043 2054 69 25 Sale,
2122 2060 37 15 ex

1907 2088 54 49 A
1975 2086 134 23 NUMBER
2119 2088 27 21 of
2156 2087 72 22 useful
2244 2087 87 22 articles
2341 2088 25 21 of
2377 2087 121 23 Furniture

1990 2114 45 21 and
2045 2114 64 21 other
2117 2114 75 27 goods,
2203 2118 50 23 part
2262 2114 26 21 of
2299 2114 43 21 the»
2347 2121 65 20 cargo
2422 2115 26 21 of
2459 2115 39 22 the

1907 2142 74 19 Maria
1997 2142 95 21 Theresa.
2125 2141 50 22 Will
2193 2142 27 21 be
2235 2140 82 23 landed
2332 2142 53 21 here
2396 2141 102 25 for\sale

1908 2168 82 22 should
1999 2169 81 27 buyers
2091 2168 54 21 offer
2152 2176 6 19 ;
2174 2168 61 28 early
2245 2168 130 28 application
2389 2168 19 22 is
2418 2176 80 15 neces-

1909 2203 59 19 sary.
1997 2195 76 28 Apply
2083 2198 22 19 to

2309 2221 63 23 John
2387 2221 83 24 Wade.

1910 2248 148 28 Wellington,
2068 2248 82 23 March
2161 2250 31 25 18,
2205 2250 60 21 1842.
2290 2252 4 4 '
2346 2266 3 4 .

2015 2295 44 20 Ex
2100 2295 57 20 The
2170 2295 77 25 Rory
2260 2294 133 25 O'More,"

2082 2329 64 20 From
2155 2328 107 21 Massatre
2271 2328 52 25 Bay,

1910 2362 138 49 ABOUT
2062 2364 26 20 10
2102 2366 51 18 tons
2163 2362 26 21 of
2200 2361 187 28 LIMESTONE;
2401 2362 37 22 for
2452 2362 47 22 sale

1991 2389 30 28 by
2031 2389 38 22 the
2077 2389 153 27 undersigned
2237 2397 7 19 ;
2260 2388 60 28 early
2329 2389 136 27 application
2475 2394 24 18 to

1909 2417 29 21 be
1947 2417 68 21 made
2024 2420 24 18 to

2041 2443 123 26 Wallace,
2180 2442 92 28 White,
2287 2442 45 22 and
2345 2442 125 23 Wallace.

1938 2477 147 27 Wellington,
2096 2476 66 28 April
2171 2478 33 26 19,
2215 2478 60 20 1842.
2384 2502 2 4 ,

2134 2523 140 19 Potatoes.

1911 2549 97 49 JUST
2031 2548 167 27 RECEIVED,
2223 2549 56 21 from
2304 2548 136 27 Manewatu,
2460 2556 40 21 per

1963 2576 109 22 schooner
2081 2577 83 24 Henry,
2175 2583 14 13 a
2198 2575 43 23 few
2250 2578 50 19 tons
2311 2575 24 21 of
2346 2575 48 23 first
2402 2579 48 18 rate
2459 2583 41 20 po-

1910 2606 81 19 tatoes.
2022 2603 73 27 Apply
2103 2606 23 18 to

2077 2631 124 25 Wallace,
2211 2629 94 27 White,
2315 2629 46 22 and
2373 2628 126 23 Wallace.

1910 2656 67 29 April
1986 2658 34 25 13,
2031 2657 62 21 1842.
2347 2679 3 4 ,

1911 2702 91 25 POR
2016 2701 84 27 SALE,
2112 2702 31 26 by
2152 2700 38 22 the
2200 2701 177 27 undersigned-

1938 2755 106 28 Superior
2051 2758 51 24 port
2112 2754 46 23 and
2167 2754 78 28 sherry
2253 2755 24 22 in
2287 2762 68 21 cases,

1939 2782 145 27 Champagne
2095 2782 23 21 in
2129 2782 63 27 ditto,

1940 2809 92 27 Brandy
2041 2810 24 20 in
2076 2813 90 24 quarter
2175 2808 71 29 casks,

1939 2836 46 22 Gin
1994 2836 25 22 in
2029 2836 65 23 hhds.

2198 2882 3 3 .
2238 2863 26 22 T.
2278 2863 34 22 M.
2326 2864 145 22 Partridge.

1911 2890 84 22 March
2003 2891 34 26 25,
2050 2892 61 20 1842.
2446 2908 11 7 „
2471 2907 3 6 ,
2491 2890 6 6 J

1912 2935 72 48 ON
1999 2935 85 26 SALE,
2097 2937 22 19 at
2129 2934 39 21 the
2177 2934 74 21 Stores
2261 2934 25 21 of
2290 2934 38 21 the
2337 2934 160 27 undersigned,

2005 2961 155 22 WHALING
2175 2961 87 21 GEAR
2275 2960 46 21 and
2329 2960 126 27 -STORES,

2101 2987 102 27 recently
2213 2986 94 22 arrived.

2267 3014 89 22 Willis
2370 3014 45 22 and
2431 3014 45 26 Co.,

2093 3040 81 23 March
2182 3042 20 25 1;
2212 3041 62 21 1842.
2409 3038 91 37 lll__

1917 3087 161 23 XOHNSON
2093 3085 45 23 and
2152 3085 112 23 MOORE
2278 3085 57 22 have
2350 3086 48 27 just
2410 3086 88 28 opened

1909 3108 27 30 «l
1975 3119 38 18 tne
2022 3113 114 27 following
2145 3112 70 28 goods
2222 3120 36 14 :—
2264 3116 3 7 '

1937 3142 88 22 Ladies
2040 3148 60 14 drab
2114 3147 48 14 and
2176 3146 81 15 brown
2272 3146 52 15 silk
2338 3147 120 20 p.arasols,

1937 3167 127 23 Children's
2074 3170 77 19 cotton
2161 3165 44 28 do.',
2215 3167 106 26 gingham
2329 3167 128 27 umbrellas,

1937 3195 116 26 Chenille,,
2058 3193 101 28 damask,
2170 3193 41 22 and
2223 3194 62 21 other
2295 3193 85 28 shawls,

1937 3222 67 22 India
2018 3221 82 22 rubber
2114 3221 84 26 braces,
2216 3220 143 22 Mackintosh
2375 3227 66 21 capes
2453 3220 46 22 and

1909 3253 68 23 coats,

1937 3276 67 22 Camp
2018 3281 79 20 ovens.
2101 3274 40 27 (all
2150 3273 75 28 sizes),
2236 3281 64 21 camp
2309 3274 89 28 kettles,

1935 3302 52 22 Rat
2003 3309 46 14 and
2067 3309 77 14 mouse
2159 3308 78 20 traps,
2257 3301 109 27 weighing
2384 3300 114 23 machines

1908 3329 45 24 and
1963 3328 139 28 steel-yards,
2124 3340 2 4 -
2201 3339 3 3 ■
2304 3337 3 4 •
2398 3342 3 7 .

1936 3355 122 29 Japanned
2066 3355 154 27 candlesticks,
2229 3355 59 27 spice
2295 3354 42 23 and
2347 3360 65 22 sugar
2417 3353 78 28 boxes,

1909 3383 53 23 cash
1973 3383 75 26 boxes,
2060 3382 113 28 spittoons,
2185 3382 41 22 &c.
2236 3384 41 20 &c.

1930 3410 83 21 ■Brass
2027 3416 72 15 flush
2114 3416 77 20 bolts,
2206 3409 44 22 rim
2264 3408 43 23 and
2321 3408 91 21 mortice
2424 3407 72 28 locks,

1908 3437 55 22 door
1977 3436 116 27 knockers,
2110 3436 55 22 door
2180 3436 84 26 chains,
2278 3436 43 26 dog
2337 3435 83 26 chains,
2437 3442 62 14 mea-

1908 3471 87 15 suring
2020 3464 76 26 tape's,
2121 3462 93 23 liracke't
2234 3462 64 28 globe
2304 3462 3 4 '
2316 3462 78 27 lamps,
2413 3461 47 22 and
2483 3469 19 19 a,

1907 3490 89 27 variety
2005 3490 26 22 of
2036 3490 73 22 useful
2119 3490 129 26 hardware,^
2278 3509 3 5 ,

1935 3517 62 22 Loaf
2010 3517 78 22 cheese
2104 3517 24 22 in
2142 3516 41 28 tin,
2194 3515 102 27 oatmeal,
2310 3518 64 24 peas/
2382 3514 113 29 saltpetre,

1908 3544 62 27 soda,
1981 3544 60 28 blue,
2053 3543 82 28 starch,
2146 3550 59 21 soap,
2217 3544 40 21 &c.
2267 3542 40 21 &c.

1935 3571 73 28 Pitch,
2020 3570 186 27 Stockholm.taiy
2208 3569 68 28 paint,
2286 3568 48 28 oils,
2345 3568 44 23 and
2405 3570 91 25 turpen-

1907 3599 54 26 tine,

1934 3625 53 22 Felt
1994 3624 36 23 for
2037 3624 93 28 roofing;
2143 3624 40 22 &c.
2203 3630 3 3 '

1934 3653 23 22 A
1959 3652 52 27 jew
2021 3656 48 19 cwt.
2081 3652 25 21 of
2113 3651 60 22 Hutt
2181 3652 101 26 potatoes
2290 3649 36 22 for
2328 3649 65 25 .sale.'
2414 3661 4 3 -
2452 3668 12 4 -
2474 3669 4 2 .

2067 3710 3 5 .
2094 3696 44 21 Ex

1909 3730 75 36 f\B
2007 3730 88 28 SALE,-
2111 3734 25 18 at
2152 3729 39 22 the
2211 3729 73 21 Stores
2307 3727 28 21 of
2341 3737 4 4 ■
2352 3726 39 23 the
2392 3729 5 7 r
2412 3725 84 23 under-

1909 3786 99 23 SEVEN
2008 3765 21 21 gI
2034 3784 69 23 AND
2126 3783 23 21 A
2172 3781 92 23 HALF.
2276 3775 220 29 -TONS..SHINGLI-

2018 3810 80 23 NG
2111 3809 67 22 AND
2194 3807 78 22 ROSE
2285 3807 195 28 NAILS,--™
2506 3813 3 7 >

1935 3842 43 20 200
1987 3839 56 27 kegs
2050 3838 50 21 best
2109 3836 67 23 white
2184 3835 71 27 leaS^
2269 3844 9 10 <-
2290 3847 10 6 -
2308 3833 54 19 *'^
2371 3843 26 9 >-•

1935 3866 101 23 Linseed
2045 3864 37 27 oil,
2094 3862 135 28 turpentine,
2238 3861 53 22 and.
2291 3861 82 28 paints;
2380 3867 11 16 j
2423 3866 38 17 .-,!

1935 3892 105 23 Window
2044 3890 70 28 'glads',
2126 3890 30 22 all
2166 3889 64 27 sizes,
2239 3889 40 21 &c.
2289 3889 41 21 &c.
2391 3899 5 5 •
2403 3889 7 36 |
2422 3892 37 25 •;<;,-

1913 3922 20 22 ■'.
1954 3928 4 2 '
2055 3923 3 5 '
2172 3925 3 6 '
2192 3922 59 25 ".';.'..
2254 3916 209 33 J.tMi'TiMT.t'bii,':

2206 3965 47 4 ...
2338 3964 7 3 -
2366 3949 103 22 Ta'Ard.

860 708 26 21 J.
901 709 39 20 M.
954 708 111 26 Taylor,
1082 719 5 3 -

680 741 154 23 LICENSED
858 741 241 23 CUSTOM-HOUSE
1122 740 116 27 AGENT,

915 776 28 15 TE
956 776 54 14 ARO.

668 820 45 30 fi
721 820 109 21 EORGE
977 818 55 27 begs
1074 817 82 22 inform
1166 817 38 22 the
1215 816 38 21 In-

668 841 53 27 VJT
734 846 112 22 habitants
864 846 26 21 of
901 846 53 21 Port
969 843 129 27 Nicholson,
1109 844 49 21 that
1171 844 30 21 he
1213 842 40 22 has

663 872 49 28 just
725 872 146 23 commenced
879 872 101 22 business
995 878 24 15 as
1034 878 87 18 house,-
1131 877 60 19 sign,
1208 868 45 23 and

667 907 156 14 ORNAMENTAL
835 906 107 19 PAINTER,
952 898 47 21 and
1009 905 105 14 GLAZIER.
1143 895 110 24 Allkinds

666 926 26 21 of
706 926 76 22 woods
799 926 45 21 and
858 925 94 22 marbles
966 924 111 26 imitated,
1095 924 38 21 &c.
1142 931 5 20 ;
1165 924 46 21 and
1224 922 29 22 he

666 952 55 23 feels
738 952 114 22 confident
861 952 49 21 that
918 951 37 22 the
970 951 73 27 prices
1055 950 44 21 and
1114 949 139 29 punctuality

666 979 53 22 with
733 978 74 23 which
822 978 102 22 business
938 977 45 22 will
995 977 29 22 be
1039 976 106 23 attended
1162 980 30 24 to,
1208 976 45 22 will

666 1013 80 14 ensure
754 1005 48 22 him
811 1012 14 14 a
834 1004 83 23 second
926 1004 49 22 trial
983 1004 32 27 by
1023 1004 31 21 all
1060 1004 48 22 who
1117 1004 79 22 favour
1205 1003 48 22 him

665 1032 54 21 with
727 1032 39 21 the
776 1032 56 21 first.

693 1058 62 22 Near
764 1058 44 22 Mr.
826 1057 144 28 Catchpool's,
987 1058 161 28 Dixon-street,
1160 1058 32 22 Te
1206 1057 47 22 Aro

666 1084 57 23 Flat.
1102 1097 4 10 ,

668 1131 44 31 f^S
722 1129 107 21 EORGE
853 1128 125 28 BRIGGS,
1001 1128 112 28 Painter,
1138 1128 115 27 Glazier,

668 1152 54 26 \JX
777 1156 44 21 and
850 1156 192 26 Paper-hanger,
1069 1155 182 28 Murphy-street,

776 1190 109 14 OPPOSITE
901 1190 20 14 E.
937 1182 135 27 HASWELL'S,
1089 1189 54 20 ESQ.,

666 1209 146 28 Wellington,
823 1213 88 18 returns
926 1209 34 21 his
977 1209 87 21 sincere
1079 1209 78 21 thanks
1173 1211 22 19 to
1215 1208 38 22 the

665 1236 137 22 inhabitants
820 1237 26 21 of
861 1236 54 22 Port
933 1235 122 23 Nicholson
1071 1236 44 21 for'
1123 1236 37 21 the
1175 1235 78 22 liberal

667 1267 91 24 support
771 1263 30 21 he
816 1263 42 22 has
870 1263 103 21 received
988 1263 62 21 since
1065 1262 34 22 his
1115 1269 139 15 commence-

666 1293 67 19 ment,
741 1290 24 21 in
782 1291 99 21 business
891 1290 23 21 in
923 1289 42 22 this
981 1289 93 28 Colony,
1085 1289 44 21 and
1138 1289 75 27 hopes,
1225 1289 30 27 by

667 1318 62 21 strict
738 1317 110 21 attention
857 1320 23 18 to
889 1316 80 27 orders,
978 1319 23 19 to
1011 1317 66 21 merit
1084 1323 14 15 a
1107 1317 147 21 continuance

667 1344 26 21 of
700 1343 37 23 the
750 1344 77 21 same.'

858 1389 93 20 James
965 1388 102 26 Spiers,

668 1422 193 23 PROSPECT
883 1422 212 22 BOARDING
1117 1422 138 27 HOUSE,

750 1457 130 14 GUILDFORD
895 1456 109 20 TERRACE,
1016 1456 55 14 HILL
1086 1456 90 21 STREET,
1227 1450 2 8 '

722 1483 27 19 In
770 1483 36 19 the
823 1488 51 14 rear
891 1482 28 25 of
933 1483 40 19 Dr.
993 1482 89 20 Evans's
1095 1483 109 20 residence.

852 1516 74 14 TERMS
941 1516 131 14 MODBRATB.

891 1554 30 21 H.
937 1554 95 26 READ,

806 1591 118 20 Tinman
935 1590 55 21 and
999 1590 123 25 Brazier,*

745 1617 63 22 Near
818 1618 38 21 the
868 1617 154 27 Court-house,
1033 1617 145 33 Wellington.

669 1670 39 21 To
730 1670 45 21 the
798 1670 166 24 Merchants,
987 1669 196 26 Ship-owners,
1200 1669 55 24 &c,

822 1697 31 20 of
865 1697 67 20 Port
945 1696 160 21 Nicholson.

668 1728 46 23 HP
744 1729 30 22 D.
800 1729 103 23 PRATT
925 1730 53 26 begs
994 1732 60 19 most
1071 1728 144 28 respectfully
1232 1731 23 19 to

678 1751 25 25 X
717 1766 10 10 •
757 1759 78 19 return
851 1756 35 22 his
898 1756 80 22 thanks
995 1756 35 21 for
1048 1756 38 22 the
1098 1756 90 21 favours
1203 1762 53 15 con-

729 1783 76 21 ferred
821 1791 30 15 on
866 1783 55 27 him,
932 1782 65 22 while
1013 1784 23 20 in
1054 1782 139 29 partnership
1202 1782 54 22 with

668 1810 43 21 Mr.
722 1810 26 22 T.
759 1810 87 27 Bevan,
858 1810 45 21 and
911 1810 53 27 begs
975 1813 22 18 to
1007 1810 84 21 inform
1100 1809 61 22 them
1170 1810 49 21 that
1227 1808 29 22 he

668 1836 18 22 is
696 1844 51 14 now
756 1837 183 27 manufacturing
947 1844 66 20 ropes
1015 1853 5 15 5
1028 1837 66 27 lines,
1103 1837 75 26 twine,
1189 1836 26 21 of
1227 1836 29 21 all

669 1863 146 28 descriptions
823 1872 5 19 ;
846 1867 58 18 mats
917 1864 26 21 of
955 1864 31 21 all
1002 1871 64 19 sizes,
1086 1864 40 21 &c.
1164 1862 93 27 Fishing

668 1894 51 18 nets
736 1891 67 21 made
820 1891 46 21 and
883 1890 109 28 repaired,
1011 1890 45 22 and
1075 1897 66 20 every
1159 1890 56 21 kind
1234 1889 25 22 of

668 1918 77 21 article
759 1918 24 21 in
800 1918 39 21 the
854 1918 70 21 above
940 1918 54 26 line,
1012 1916 30 22 all
1057 1917 58 21 from
1130 1916 57 22 New
1199 1916 57 22 Zea-

667 1944 55 22 land
736 1944 55 27 flax,
802 1945 46 21 and
861 1952 30 14 on
901 1944 37 22 the
948 1947 60 19 most
1015 1943 130 22 reasonable
1155 1944 101 26 charges.

670 1978 41 22 No.
729 1980 19 25 1,
773 1978 237 27 Molesworth-street,'
1033 1977 145 28 Wellington,
1202 1977 56 23 Port

830 2003 200 22 ,^-ANi'ch6l«on:
1035 2007 6 6 v
1050 2004 32 14 .**
1093 2004 22 14 ■■•<•■
1123 2004 42 13 •■■^
1176 2002 59 15 ---*■"'
1244 2000 24 18 j>>.

668 2049 39 20 To
718 2049 45 20 the
774 2048 163 21 Mercantile
948 2048 55 21 and
1019 2047 133 27 Shipping
1167 2048 89 20 Inter-

791 2077 57 19 ests
860 2075 29 20 of
901 2076 66 19 Port
975 2074 161 21 Nicholson.

670 2109 157 49 THOMAS
844 2108 108 22 BEVAN
968 2107 47 23 and
1031 2107 81 27 SONS,
1124 2107 56 23 New
1197 2109 59 21 Zea-

729 2144 62 14 land
810 2143 59 15 ROPE
887 2142 46 14 AND
954 2142 74 14 TWINE
1052 2142 203 21 MANUFACTURERS,

668 2163 43 27 beg
726 2165 22 19 to
758 2163 84 21 inform
851 2161 59 23 their
918 2161 84 23 friends
1015 2161 45 23 and
1069 2161 37 22 the
1114 2162 81 27 public,
1208 2162 49 22 that

668 2189 54 28 they
729 2189 59 22 have
800 2189 112 25 .removed
926 2191 24 19 to
963 2188 61 22 their
1038 2196 51 14 new
1104 2189 105 26 premises
1227 2196 28 14 on

668 2215 190 28 Lambton-quay,
875 2222 77 15 corner
968 2215 26 22 of
1010 2215 156 28 Willis-street,
1182 2216 74 22 where

668 2250 68 21 every
745 2243 77 22 article
831 2244 25 20 in
864 2242 37 22 the
912 2243 69 21 above
991 2242 75 23 trades
1074 2250 52 19 may
1135 2243 27 22 be
1172 2243 45 22 had
1227 2250 29 15 on

668 2270 37 22 the
715 2271 96 21 shortest
820 2269 83 23 notice.
980 2290 7 2 .
997 2283 2 5 ■
1080 2289 3 4 ,
1112 2288 3 4 .
1121 2274 1 5 '

694 2297 94 27 Fishing
797 2300 56 24 nets,
863 2299 65 24 mats,
940 2297 48 25 &c,
999 2296 66 22 made
1075 2296 44 22 and
1127 2297 109 27 repaired.

694 2325 27 21 T.
728 2325 27 21 B.
766 2324 46 21 and
823 2325 57 20 Sons
889 2330 37 15 are
934 2323 69 27 ready
1014 2326 21 18 to
1045 2323 123 22 undertake
1176 2327 80 25 export

669 2352 76 21 orders
754 2354 23 19 to
788 2358 48 21 any-
842 2353 84 24 extent,
937 2358 28 14 on
975 2351 132 21 reasonable
1116 2354 75 19 terms.

693 2378 173 27 November.3o,
879 2379 59 20 1841.

667 2424 201 48 WNEAL,
889 2424 87 21 Watch
999 2422 47 23 and
1066 2424 76 21 Clock.
1157 2424 101 28 Maker,

740 2462 10 10 •
796 2451 54 27 begs
868 2449 145 29 respectfully
1029 2453 24 19 to
1058 2460 4 4 •
1071 2450 82 22 inform
1169 2451 37 22 the
1220 2451 37 21 in-

667 2478 113 22 habitants
799 2478 26 21 of
841 2478 53 21 Port
901 2477 131 27 Nicholson,
1051 2477 48 28 &c,
1116 2477 49 22 that
1173 2478 28 22 he
1216 2477 40 23 has

667 2505 106 21 removed
785 2504 35 22 his
834 2505 102 21 business
953 2504 49 22 S:E.
1015 2504 38 22 of'
1053 2504 89 22 Messrs.
1152 2505 103 21 Bethune

667 2533 45 21 and
723 2532 117 26 Hunter's,
851 2532 46 21 and
905 2532 76 26 hopes,
991 2531 32 27 by
1032 2532 63 21 strict
1104 2532 116 26 attention,
1232 2535 23 19 to

667 2559 66 21 merit
747 2566 20 14 a.
778 2559 150 21 continuance
944 2558 25 22 of
984 2557 58 22 their
1058 2558 96 28 favours,
1171 2558 85 28 having

666 2586 45 22 had
719 2587 26 20 20
756 2586 72 27 years'
839 2586 131 27 experience
978 2585 26 21 in
1014 2585 102 22 London.

693 2613 40 22 All
747 2613 72 22 .kinds
834 2613 26 21 of
872 2613 92 27 foreign,
982 2612 92 28 British,
1079 2627 4 3 -
1089 2612 100 28 musical,
1209 2613 46 22 and

665 2640 117 27 repeating
787 2640 98 22 watches
891 2640 45 21 and
945 2639 82 27 clocks,
1035 2639 47 21 and
1089 2639 165 23 chronometers

667 2667 94 22 cleaned
770 2667 46 21 and
824 2666 110 28 repaired.

775 2694 59 22 N.B.
834 2704 31 5 —
865 2693 96 22 Musical
969 2693 75 22 boxes-
1049 2693 109 27 repaired.

811 2738 143 23 CHARLES
968 2737 142 28 HARVEY,
1159 2725 3 15 :
1251 2753 4 3 .

828 2786 6 1 .
868 2786 4 5 ,
876 2766 100 25 Tailor,
992 2766 55 25 &c,

795 2800 115 26 Adjoining
924 2801 71 20 Kumu
1011 2801 52 19 Toto
1077 2800 55 26 Pah,

863 2843 4 3 ■
884 2841 159 20 WELLINGTON,
1070 2837 4 8 '

668 2862 107 49 BEGS
790 2864 23 19 to
828 2865 80 18 return
924 2861 87 22 thanks:
1023 2865 23 18 to
1063 2862 39 22 the
1116 2864 81 25 gentry
1211 2861 45 22 and
1264 2884 3 3 .

742 2888 78 28 public
830 2888 23 22 of
863 2888 59 23 New
931 2888 101 22 Zealand
1039 2889 36 22 for
1082 2889 37 22 the
1127 2891 93 25 support
1227 2888 29 22 he

667 2916 40 22 has
722 2916 105 21 received
841 2916 59 21 from
916 2915 60 22 them
992 2916 63 21 since
1068 2916 30 21 he
1111 2915 146 22 commenced

667 2943 108 27 business,
794 2942 45 23 and
858 2939 29 25 lie
904 2949 86 15 assures
1006 2942 62 22 them
1147 2942 19 22 it
1184 2942 18 22 is
1221 2942 35 22 his

666 2970 112 21 intention
788 2973 24 18 to
822 2969 106 22 continue
937 2969 33 22 his
986 2972 61 19 most
1061 2972 118 19 strenuous
1193 2976 63 15 exer-

667 2998 62 21 tions'
735 3001 23 17 to
768 2997 67 22 merit
845 3004 13 14 a
868 2996 149 22 continuance
1027 2996 27 21 of
1060 2996 57 22 their
1125 3000 130 23 patronage.

694 3025 24 21 C.
729 3024 35 23 H.,
769 3024 64 21 takes
849 3023 44 22 this
914 3023 144 28 opportunity
1073 3023 27 22 of
1109 3023 83 27 stating
1208 3022 50 23 that

667 3051 34 22 his
710 3051 64 22 stock
784 3051 95 22 consists
889 3050 25 22 of
926 3058 14 14 a
948 3050 59 28 good
1016 3050 86 28 variety
1112 3050 26 22 of
1143 3049 113 28 superfine

667 3078 80 28 cloths,'
755 3077 113 28 doeskins,
884 3078 88 26 tweeds,
988 3077 129 27 moleskins,
1129 3077 125 26 velveteen,

735 3105 69 27 cloth,
815 3104 41 23 &'c.
867 3104 48 28 &c,
931 3103 44 23 and
990 3104 35 22 his
1037 3104 92 28 charges
1141 3104 46 26 (for
1206 3105 50 20 cash

665 3134 60 25 only)
734 3132 124 22 moderate.

926 3177 77 24 Urul,

668 3212 42 21 One
717 3212 50 20 mil*
776 3217 26 15 on
813 3212 35 20 the
856 3212 56 21 Port
921 3211 114 21 Nicholson
1043 3211 46 20 side
1098 3210 26 26 of
1135 3211 120 22 Waikanai.

668 3246 91 48 MR.
775 3245 135 22 JENKINS
926 3245 53 28 begs
994 3248 25 18 to
1032 3252 125 20 announce,
1168 3245 49 22 that
1224 3245 31 22 he

755 3271 45 22 has
809 3271 87 28 opened
907 3280 13 14 a
929 3272 78 22 House
1013 3272 36 22 for
1058 3272 38 22 the
1103 3272 152 22 convenience

654 3309 4 5 -
668 3298 25 22 of
707 3299 38 21 the
761 3298 83 27 public,
861 3298 45 22 and
922 3302 66 18 trusts
1006 3299 54 22 that'
1070 3299 38 21 the
1122 3299 72 21 board
1209 3299 47 21 and

654 3324 110 28 -lodging'
779 3325 30 21 he
828 3325 104 27 provides
950 3325 46 23 will
1015 3333 77 15 secure
1110 3325 51 23 him'
1176 3325 78 23 liberal

654 3367 4 6 ,
666 3355 99 24 support.
1028 3369 4 5 ,
1045 3366 4 9 t

693 3379 45 21 Mr.
750 3377 98 23 Jenkins
861 3384 42 15 can
914 3381 22 19 at
950 3378 29 22 all
988 3379 67 22 times
1063 3379 92 28 provide
1168 3379 88 28 gentle-

655 3405 64 25 Tmen
729 3404 53 23 with
792 3404 38 22 the
839 3412 78 14 means
925 3404 25 22 of
956 3406 100 27 crossing
1063 3410 23 18 to
1096 3406 85 28 Kapiti.

655 3441 4 6 1
693 3432 64 27 Urui,
766 3431 114 28 -January)
888 3432 62 22 -1842.

667 3462 50 47 ~J~~
783 3462 35 12 '""
915 3476 90 21 Otaki.
1107 3462 10 31 T
1117 3463 5 15 :
1251 3464 6 30 '.

668 3509 92 51 MR.
771 3526 3 11 (
783 3509 131 23 TAYLOR
915 3508 73 29 'begs
1011 3513 24 19 to
1058 3510 101 22 intimate
1178 3514 24 19 to
1220 3511 36 22 his

743 3537 86 22 friends
839 3536 53 25 and.
894 3536 38 22 the
941 3536 75 27 public
1023 3536 49 22 that
1080 3537 28 22 he
1117 3537 43 23 has'
1168 3538 88 27 opened

666 3572 13 15 a
689 3565 84 22 House'
777 3565 27 21 of
816 3564 183 22 Entertainment
999 3570 3 8 1
1007 3567 25 18 at
1048 3564 73 27 Otaki,
1132 3565 44 21 and
1183 3565 72 27 hopes

654 3599 6 16 .*
665 3592 50 22 that
721 3591 38 23 the
767 3590 187 23 cleanlinessand
963 3591 97 21 comfort
1066 3591 27 21 of
1098 3591 35 21 his
1139 3591 117 23 establish-

658 3622 71 19 .ment
747 3618 46 22 will
804 3624 89 18 .secure,
901 3617 49 23 him
965 3624 13 15 a
996 3617 81 22 liberal
1093 3617 64 23 share
1175 3618 26 22 of
1216 3619 38 21 the

658 3645 82 29 'public

654 3678 6 4 -
689 3673 78 26 'Otaki,
780 3672 102 27 January
888 3673 40 26 ,21,18
936 3672 61 21 42.
1081 3669 2 5 '
1103 3692 4 4 ,

664 3719 81 22 PORT
766 3716 184 23 NICHOLSON
978 3716 70 22 AND
1070 3716 185 23 WANGANUI.

656 3748 3 5 '
687 3745 6 3 *
711 3743 3 3 '
778 3745 93 21 Lands
882 3746 27 19 to
919 3744 34 21 be
964 3745 50 20 Let
1025 3750 30 15 or
1065 3744 72 21 Sold.

665 3776 165 53 SJEVERAL
851 3778 78 22 Town,
939 3778 45 22 and
998 3777 102 28 Country
1117 3777 96 23 sections
1230 3777 25 23 in

697 3807 6 24 ','
730 3806 37 22 the
780 3805 54 23 Port
844 3805 124 22 Nicholson
983 3804 94 28 district,
1093 3804 46 22 and
1155 3805 101 26 Country

654 3833 137 23 •sections'in
801 3833 38 21 the
848 3831 127 28 Wanganui
984 3831 94 27 district,
1088 3831 54 22 with
1149 3831 39 22 the
1195 3831 62 26 right

664 3861 26 21 of
709 3860 70 27 early-
790 3859 96 22 choices'
898 3859 81 26 (under
989 3858 43 26 -14)
1050 3859 26 21 of
1096 3857 37 23 the
1147 3857 109 23 intended

655 3894 3 22 ;
664 3887 112 27 township,
781 3885 70 28 there,
855 3889 28 18 .to
888 3885 28 22 be
922 3885 48 22 sold
976 3891 27 16 or
1008 3884 39 22 let.
1076 3885 44 21 For
1125 3885 131 26 particulars

654 3908 55 29 land
713 3917 81 23 .terms,
805 3912 67 33 apply
882 3915 28 22 to,

851 3939 95 21 Robert
960 3937 27 23 R.
1004 3937 100 29 Strand,
1118 3937 109 24 Solicitor.

656 3975 2 5 ■
692 3965 147 28 Wellington,
850 3965 58 23 Nov.
919 3965 96 28 25^1841

1272 703 5 3 '
1450 707 92 20 Beach
1558 707 144 26 Frontage.

1285 732 65 48 TO
1365 732 39 22 BE
1419 728 66 32 LET?,
1502 732 71 22 beach
1582 731 104 28 frontage'
1697 733 44 21 lots
1753 733 24 21 in
1787 733 84 22 section

1356 760 41 21 490
1407 767 30 14 on
1453 759 37 22 the
1501 759 94 32 Plan/of
1603 759 36 21 the
1649 760 67 21 Town
1732 760 27 21 of
1764 759 108 28 Welling-

1275 789 53 24 ton,
1340 786 116 27 adjoining
1466 787 44 21 Mr.
1518 786 90 22 Taine's
1616 789 67 24 store;
1698 786 46 22 and
1753 787 24 21 in
1787 787 84 21 section

1274 813 55 26 ;616,
1336 812 102 23 between
1447 813 76 28 Major
1531 812 92 23 Baker's
1632 813 44 21 and
1684 813 45 21 Mr.
1738 814 134 21 Swainson's

1274 838 95 23 'houses.

1272 871 6 4 '
1309 865 55 23 Also
1373 866 38 22 the
1420 866 116 27 following
1546 866 95 22 sections
1652 874 27 14 on
1690 865 38 23 the
1736 866 57 22 Plan
1802 866 26 22 of
1834 866 37 22 the

1280 891 79 28 Town,
1368 893 36 21 viz
1410 901 5 13 :
1417 904 30 5 —
1482 898 4 6 '
1555 896 4 7 '

1384 921 27 21 55
1448 933 4 3 -
1550 921 40 20 319
1740 921 42 21 922

1274 948 8 17 I'
1371 948 42 20 240
1528 957 3 4 •
1550 946 41 23 718
1686 966 3 3 .
1726 947 56 22 1079

1307 973 77 27 Apply
1397 976 24 19 to

1274 1002 3 22 ',
1458 1000 26 22 E.
1500 1000 23 22 J.
1539 999 150 28 Wakepield,
1705 1007 25 15 or

1458 1027 36 21 W.
1510 1027 29 22 V.
1553 1027 108 27 Brewer,
1676 1027 193 22 Manners-street.

1281 1071 123 27 Country
1417 1072 127 21 Sections
1563 1072 44 20 for
1627 1072 58 21 Sale
1707 1077 36 16 on
1764 1072 107 21 Liberal

1283 1124 165 49 SEVERAL
1483 1125 102 21 Sections
1613 1125 25 21 of
1669 1125 102 27 Country
1799 1124 71 28 Land,

1346 1151 92 28 already
1448 1150 83 23 chosen
1542 1152 23 21 in
1575 1151 38 22 the
1627 1152 93 21 Porirua
1735 1152 92 26 district,
1838 1152 35 21 for

1272 1199 2 5 ,
1281 1178 58 26 Sale,
1350 1185 75 15 terms
1436 1185 107 15 liberal.
1571 1178 77 28 Apply
1657 1182 24 18 to

1277 1224 4 3 •
1376 1211 25 22 F.
1416 1212 30 21 A.
1462 1211 171 27 Molesworth,
1650 1211 186 27 Murphy-street,
1848 1218 25 15 or

1275 1234 6 26 I
1378 1238 34 22 W.
1427 1238 29 22 V.
1472 1239 108 26 Brewer,
1591 1238 195 22 Manners-street.

1277 1291 5 9 >
1497 1283 165 27 Wanganui.

1281 1310 91 48 FOR
1385 1310 86 22 SALE.
1472 1322 28 3 —
1501 1310 67 21 Land
1585 1310 99 21 between
1704 1317 44 15 one
1766 1310 45 22 and
1830 1312 42 19 two

1355 1336 63 23 miles
1436 1337 27 22 of
1474 1337 38 21 the
1527 1336 109 28 township
1655 1341 22 17 at
1695 1336 130 28 Wanganui
1839 1337 34 21 for

1282 1364 53 26 sale,
1345 1363 25 22 in
1378 1364 79 21 blocks
1469 1364 24 21 of
1503 1364 46 21 five
1558 1370 63 15 acres
1633 1364 43 21 and
1690 1364 110 26 upwards,
1812 1371 25 14 or
1851 1367 23 18 to

1281 1390 33 21 let
1324 1388 29 23 oh
1365 1397 55 21 very
1432 1390 80 22 liberal
1521 1394 75 22 terms,
1608 1390 52 22 with
1670 1390 37 22 the
1721 1389 61 29 right
1790 1390 27 22 of
1822 1397 52 21 pur-

1282 1417 75 22 chase.
1385 1418 78 26 Apply
1473 1421 21 18 to
1505 1418 28 21 R.
1545 1416 66 28 Park,
1622 1417 59 28 Esq.,
1691 1424 25 14 or
1726 1420 23 19 to

1275 1441 33 37 ■J[
1625 1444 21 22 J.
1661 1444 45 21 and
1721 1444 28 22 G.
1765 1444 82 22 Wade.

1283 1489 145 48 LAND
1453 1489 259 22 AGENCIES.—
1710 1489 42 22 TO
1777 1490 98 21 LAND-

1360 1515 185 22 HOLDERS.—
1545 1516 47 21 The
1608 1516 160 27 -Undersigned
1784 1517 46 26 beg
1852 1519 22 19 to

1284 1542 54 22 offer
1347 1542 136 22 themselves
1492 1546 23 18 to
1525 1543 59 21 their
1592 1543 85 21 friends
1687 1543 44 21 and
1746 1543 38 21 the
1799 1543 76 27 public

1284 1577 23 14 as
1317 1569 88 27 Agents
1413 1570 36 21 for
1459 1569 37 21 the
1507 1569 97 28 disposal
1612 1570 25 20 of
1643 1570 69 21 Town
1722 1570 46 21 and
1776 1570 99 27 Country

1284 1596 83 27 Lands,
1378 1596 46 22 and
1432 1599 59 19 trust
1499 1596 59 22 their
1568 1596 97 22 colonial
1675 1597 134 28 experience
1823 1604 52 20 may

1273 1643 4 3 .
1284 1622 79 23 entitle
1373 1623 62 21 them
1444 1626 24 18 to
1477 1630 14 14 a
1503 1623 65 21 share
1578 1623 27 21 of
1615 1623 37 21 the
1661 1623 76 27 public
1745 1627 130 24 patronage.

1310 1649 69 27 They-
1383 1650 47 22 will
1438 1650 29 21 be
1476 1650 76 27 happy
1561 1653 24 18 to
1594 1657 93 20 arrange
1699 1651 37 21 for
1745 1650 45 22 and
1800 1657 76 20 super-

1282 1676 82 22 intend
1373 1676 37 22 the
1419 1684 95 20 surveys
1521 1677 45 21 and
1573 1676 158 22 sub-divisions
1740 1677 26 21 of
1772 1677 37 21 the
1813 1676 63 22 land.

1284 1703 91 21 Liberal
1384 1704 112 21 advances
1505 1704 47 21 will
1564 1704 29 21 be
1609 1704 63 21 made
1683 1710 29 14 on
1721 1704 66 22 lands
1797 1704 79 27 placed

1284 1730 23 22 in
1319 1730 57 22 their
1385 1730 71 22 hands'
1465 1730 34 22 for
1507 1730 53 22 sale.
1589 1730 64 27 They
1660 1730 43 22 will
1711 1731 48 21 also
1766 1731 28 21 be
1798 1731 78 27 happy

1285 1760 22 18 to
1318 1757 65 21 assist
1392 1757 137 28 proprietors
1537 1757 24 22 in
1571 1756 155 28 leasingtheir
1734 1757 74 22 lands.

1568 1791 64 21 John
1641 1791 45 22 and
1697 1786 59 27 Geo.
1767 1791 82 22 Wade.

1274 1841 3 4 '
1297 1835 3 3 '
1385 1836 108 21 Nelson
1507 1836 78 21 Land
1600 1836 145 27 Agencies.

1286 1869 92 34 npHE
1393 1869 154 28 undersigned
1560 1870 45 27 beg
1613 1872 23 19 to
1646 1870 54 21 offer
1710 1869 134 22 themselves
1855 1872 21 19 to

1275 1914 2 3 ,
1293 1891 30 27 X
1361 1897 38 21 the
1408 1896 76 27 public
1494 1904 25 14 as
1529 1900 79 23 agents
1618 1897 34 21 for
1661 1897 37 21 the
1709 1897 108 21 selection
1833 1897 44 21 and

1286 1923 96 28 disposal
1392 1924 25 21 of
1425 1927 59 18 town
1495 1923 46 22 and
1551 1926 94 24 country
1661 1923 65 22 lands
1736 1924 23 21 in
1772 1923 38 21 the
1827 1930 49 15 new

1278 1950 135 31 settlement
1491 1950 96 22 Nelson.
1625 1950 74 27 Apply
1723 1954 24 18 to
1769 1950 107 27 Wallace,

1278 1973 90 32 'White,
1378 1977 47 22 and
1434 1977 108 27 Wallace,
1555 1977 143 27 Wellington.

1284 2009 6 13 X
1290 2008 5 5 '
1304 2013 5 4 *
1406 2010 126 21 Patchett
1546 2010 44 22 and
1604 2010 91 27 White,
1707 2010 66 22 Land
1782 2011 94 26 Agents,

1333 2054 3 6 ,
1370 2055 8 3 -
1587 2037 94 22 Nelson.

1312 2063 133 27 December,
1456 2064 63 21 1841.

1396 2108 79 20 Land
1488 2108 118 27 Agency
1615 2110 29 18 at
1658 2108 113 21 Nelson.

1293 2134 99 22 TOHN
1415 2135 37 20 W.
1471 2134 190 27 BARNICOAT,
1669 2131 10 7 *
1687 2135 123 22 Surveyor
1830 2142 46 15 and

1286 2156 25 27 0
1350 2162 65 21 Civil
1431 2161 130 27 Engineer,
1578 2161 94 27 Nelson,
1690 2161 45 22 will
1754 2162 29 21 be
1802 2162 75 27 happy

1285 2191 24 18 to
1320 2195 84 20 engage
1418 2188 94 22 himself
1525 2189 25 21 in
1560 2187 38 23 the
1609 2189 69 21 above
1691 2189 84 21 named
1790 2190 88 26 capaci-

1286 2215 48 27 ties,
1345 2222 24 14 as
1379 2222 29 15 an
1423 2218 68 24 agent
1500 2215 36 21 for
1547 2215 36 21 the
1594 2215 106 22 selection
1710 2215 27 22 of
1745 2216 62 27 land,
1819 2223 25 15 or
1853 2217 24 21 in

1286 2249 48 20 any-
1342 2242 64 22 other
1413 2250 51 19 way
1475 2241 125 23 connected
1610 2243 52 21 with
1671 2242 34 22 his
1719 2243 144 26 professions.

1361 2288 134 26 Building
1509 2286 178 25 Allotments,
1695 2289 30 19 to
1740 2289 60 22 Let,

1282 2321 96 22 ■rriHE
1396 2319 203 25 ADVERTISER
1615 2320 65 24 offers
1694 2329 62 20 upon
1772 2321 107 28 Building

1293 2344 31 26 X
1361 2349 90 27 Leases,
1463 2356 14 14 a
1485 2349 97 21 number
1592 2349 27 21 of
1629 2349 69 21 Town
1706 2348 139 23 Allotments
1855 2349 22 21 in

1286 2375 38 23 the
1333 2379 59 19 most
1401 2375 110 23 desirable
1520 2379 62 24 parts
1592 2375 26 22 of
1629 2375 43 22 this
1682 2376 141 22 Settlement.

1312 2403 49 22 The
1379 2403 112 21 attention
1507 2403 28 21 of
1552 2403 38 21 the
1606 2403 75 27 public
1697 2403 20 21 is
1733 2403 146 28 particularly

1286 2430 73 22 called
1376 2433 24 19 to
1418 2430 40 22 the
1477 2429 125 27 advantage
1622 2430 25 21 of
1663 2429 109 28 Building
1788 2430 89 27 Leases,

1285 2457 74 22 which
1368 2457 38 21 the
1415 2456 154 27 undersigned
1577 2457 20 21 is
1608 2456 94 22 enabled
1711 2460 24 18 to
1744 2460 73 24 grant,
1826 2457 51 27 viz.,

1285 2484 58 22 from
1352 2491 70 15 seven
1432 2487 23 19 to
1472 2486 141 25 twenty-one
1629 2491 71 20 years,
1718 2483 122 28 according
1856 2487 22 19 to

1285 2511 38 22 the
1341 2511 67 21 value
1427 2511 27 21 of
1473 2510 39 22 the
1535 2510 114 27 buildings
1670 2511 113 28 proposed
1804 2514 23 18 to
1850 2511 27 21 be

1286 2538 97 22 erected.
1412 2537 77 28 Apply
1498 2540 25 19 to

1451 2563 22 23 J.
1488 2565 26 21 T.
1530 2564 147 27 Wicksteed,
1689 2571 25 15 or

1449 2591 36 22 W.
1500 2591 31 22 V.
1545 2592 108 26 Brewer,
1669 2591 195 22 Manners-street.

1286 2636 67 49 TO
1369 2636 39 21 BE
1422 2636 68 26 LET,
1506 2635 40 22 the
1563 2638 62 19 town
1642 2643 51 14 acre
1709 2635 46 22 No.
1766 2637 51 26 210,
1843 2643 28 14 on

1352 2662 111 27 -building
1472 2662 70 28 lease,
1551 2663 35 22 for
1594 2663 103 21 fourteen
1708 2669 74 21 years.

1312 2690 33 22 To
1354 2690 28 21 be
1392 2690 33 22 let
1432 2697 26 14 or
1467 2689 56 27 sold,
1535 2690 38 21 the
1583 2693 60 18 town
1651 2697 50 15 acre
1711 2689 45 22 No.
1768 2690 47 22 642.

1562 2723 21 21 J.
1599 2723 28 21 T.
1640 2723 148 27 Wicksteed,

1626 2749 224 23 Hawkstone-street.

1455 2795 92 20 Beach
1561 2795 144 26 Frontage.

1287 2822 67 49 TO
1365 2822 39 22 BE
1419 2822 87 26 SOLD,
1515 2822 25 21 in
1550 2822 42 21 lots
1603 2821 28 22 of
1635 2826 39 17 not
1682 2821 44 22 less
1734 2821 56 22 than
1799 2822 28 21 20
1834 2822 45 21 feet

1375 2850 24 21 in
1416 2848 104 27 breadth,
1540 2848 40 25 the.
1598 2848 72 23 whole
1688 2848 26 21 of
1735 2848 39 22 the
1793 2849 85 22 section

1286 2876 92 26 Nq..485
1388 2876 79 22 onthe
1475 2876 56 21 Plan
1542 2876 24 21 of
1571 2875 39 22 the
1619 2875 69 24 Town
1698 2874 26 23 of
1724 2886 4 8 >
1730 2875 146 28 Wellington,

1286 2902 84 28 haying
1378 2902 115 28 frontages
1502 2910 62 20 upon
1574 2902 184 28 Lambton-quay
1763 2902 46 23 and
1818 2909 60 21 upon

1286 2929 244 27 Wellington-terrace.
1560 2929 115 22 One-half,
1683 2928 22 23 oi
1721 2930 39 21 the
1770 2929 108 29 purchase
1881 2935 2 3 '

1286 2963 82 21 money
1375 2957 45 22 will
1429 2958 28 21 be
1463 2956 97 22 allowed
1564 2960 28 21 .to
1597 2956 86 22 remain
1691 2963 61 20 upon
1763 2959 115 24 mortgage

1286 2984 34 21 for
1329 2983 44 22 five
1382 2991 73 20 years,
1472 2986 23 19 at
1511 2985 27 20 10
1554 2991 49 20 per-
1608 2986 57 19 cent.
1694 2984 81 21 Terms
1783 2991 54 19 may
1850 2984 27 21 be

1286 3010 92 23 learned
1388 3018 30 15 on
1427 3010 138 28 application
1575 3014 24 18 to

1558 3037 99 22 Hanson
1672 3036 47 25 and,
1731 3036 119 23 Alzdorf.

1421 3083 89 19 Town
1524 3082 79 21 Land
1615 3081 41 21 for
1670 3081 69 21 Sale.

1286 3108 92 33 rpHE
1393 3108 72 22 whole
1484 3109 25 21 of
1523 3111 60 19 town
1594 3109 95 21 sections
1703 3108 56 22 Nos.
1769 3108 48 27 285,
1829 3106 47 29 106,

1293 3130 29 28 X
1361 3135 45 23 and
1422 3137 49 26 878,
1483 3135 46 22 and
1542 3138 54 23 part'
1602 3135 27 21 of
1641 3138 59 18 town
1714 3134 101 22 sections
1828 3136 48 26 204;

1284 3164 49 25 248,
1343 3161 51 23 and'
1403 3163 41 22 528
1462 3170 36 14 are
1513 3161 84 23 oftered
1605 3162 36 21 for
1649 3162 53 22 sale.
1731 3161 61 22 Half
1803 3161 26 21 of
1840 3161 37 22 the

1284 3189 109 28 purchase
1408 3196 85 21 money
1502 3193 23 18 to
1535 3188 87 22 remain
1633 3196 29 14 on
1677 3191 127 25 mortgage,'
1812 3191 24 19 at
1850 3190 26 20 10

1284 3224 40 21 per
1334 3219 58 19 cent.
1420 3217 46 21 For
1475 3216 139 29 particular's,
1625 3215 66 28 apply
1700 3219 23 17 to

1343 3250 4 3 -
1560 3241 97 24 Hanson
1671 3242 46 22 and
1731 3241 119 23 Alzborf.

1401 3290 124 25 Country
1540 3288 78 22 Land
1632 3288 43 21 for
1689 3288 70 21 Sale.

1286 3323 122 49 TO-BE
1422 3323 80 22 SOLD
1520 3322 41 22 IN.
1570 3321 83 28 LOTS,
1669 3325 23 19 to
1708 3322 46 22 suit
1768 3321 39 23 the
1823 3328 54 16 con-

1359 3350 111 22 venience
1481 3350 26 21 bf
1512 3349 142 28 purchasers^
1660 3349 44 22 No.
1712 3350 13 20 3
1735 3349 24 22 in
1770 3349 38 22 the
1817 3352 59 18 town

1285 3377 92 27 district,
1388 3377 46 21 No;
1442 3377 30 21 44
1480 3376 23 22 in
1514 3376 38 22 the
1566 3375 61 23 Hutt
1637 3376 90 22 district'
1740 3375 47 23 and
1796 3375 43 23 No.
1850 3377 26 20 68

1284 3404 26 22 in'
1325 3403 37 22 the
1383 3403 94 23 Porirua
1495 3403 87 22 district
1589 3410 6 14 :
1610 3402 51 22 half
1670 3403 27 21 of
1711 3398 40 26 the
1767 3402 109 28 purchase

1284 3438 84 20 money
1376 3431 46 21 will
1436 3431 28 21 be
1475 3429 94 23 allowed
1584 3432 23 19 to
1616 3429 86 22 remain
1712 3436 30 14 on
1751 3432 123 23 mortgage,

1285 3461 23 19 at
1317 3459 27 21 10
1352 3464 40 21 per
1402 3461 60 18 cent.
1491 3456 46 23 For
1545 3456 138 29 particulars,
1695 3455 67 28 apply
1772 3459 23 17 to

1545 3491 5 4 -
1561 3483 98 22 Hanson
1672 3484 44 20 and
1730 3482 119 22 Alzdorf.

1303 3530 87 20 Town
1406 3529 56 21 and
1477 3529 124 25 Country
1615 3527 77 21 Land
1706 3528 30 18 to
1751 3527 42 20 be-
1801 3526 59 20 Let.

1287 3562 169 50 SECTION'S
1472 3561 46 22 and
1533 3561 102 27 portions
1650 3558 27 24 of
1690 3558 102 23 Sections
1807 3558 25 22 in
1842 3551 34 30 'all

1355 3592 62 25 parts
1433 3588 30 22 of'
1475 3588 43 22 the'
1531 3588 76 21 Town'
1622 3586 25 22 of
1662 3586 148 27 Wellington,
1829 3586 47 22 also

1286 3617 100 26 Country
1395 3616 102 22 Sections
1510 3614 26 22 in
1546 3614 39 22 the
1601 3613 96 22 districts
1712 3613 28 21 of
1753 3612 39 22 the
1809 3612 65 29 Hutt,

1336 3643 86 28 Kaiori,
1432 3642 44 22 the
1483 3642 78 26 Ohiro,
1572 3640 50 22 and'
1630 3640 38 21 the
1682 3639 101 22 Porirua.
1791 3655 3 3 •
1811 3639 65 28 Long

1365 3669 27 22 of
1397 3669 40 22 the'
1453 3671 97 23 country
1559 3666 64 25 land;
1629 3666 45 22 will
1689 3666 28 21 be
1732 3666 97 28 granted
1834 3665 3 4 '
1847 3674 29 15 on

1272 3706 3 3 ■
1284 3696 131 23 reasonable
1418 3697 82 21 'terms.
1531 3694 44 22 For
1583 3693 132 28 particulars
1724 3693 71 28 apply,
1801 3695 25 20 to
1834 3715 2 5 ,

1311 3723 100 23 Hanson
1421 3722 46 22 and
1482 3722 117 25 Alzdorf,
1608 3719 202 29 Thorndon-quay,
1820 3727 25 15 or
1854 3723 22 20 to

1312 3751 96 22 Robert
1418 3746 94 30 Stq'ke,s,
1524 3747 66 22 Land
1604 3747 110 27 Surveyor
1730 3747 48 22 and
1792 3748 82 28 Agent,

1469 3774 221 22 Woolcomb-street.

1526 3823 108 28 Sticks,

1286 3855 89 50 FOR
1390 3854 87 27 SALE,
1488 3856 24 19 at
1526 3855 46 21 60s;
1590 3860 42 20 per
1647 3852 123 23 thousand.'
1801 3853 77 27 Apply-

1345 3885 24 19 to
1371 3890 6 7 4
1385 3882 23 22 J.
1425 3880 132 29 Pimbje,,at
1569 3879 39 23 the
1626 3880 177 28 Sydney-street-
1810 3880 68 22 BricK

1286 3910 45 22 and
1340 3909 49 22 Tile
1406 3907 88 33 Worksj
1505 3910 24 19 at
1538 3908 38 22 the
1592 3914 51 15 rear
1651 3908 26 21 of
1689 3906 94 23 Colonel
1797 3906 81 23 Wake-i

1478 3934 72 23 field's
1564 3934 121 22 residence.

1287 3972 3 18 1
1353 3963 108 22 T«rms—
1462 3962 53 22 cash
1526 3969 30 16 on
1567 3961 98 27 delivery
1676 3963 23 20 at
1709 3960 38 23 the
1756 3960 56 22 kiln.

197 717 54 20 For
268 714 106 21 Nelson
388 710 96 26 direct',

160 751 56 26 (Not
239 751 22 19 to
279 748 43 21 call
340 748 24 20 at
385 745 137 26 WanganuiJ
538 766 3 3 .

51 781 106 34 *-?£%£-
202 785 92 30 rpHE
304 783 110 23 schooner
422 783 102 23 Blossom,
535 780 99 22 William

209 804 29 31 X
275 811 86 23 Tullett
370 813 95 24 master;
481 809 42 22 has
532 815 53 24 very
596 815 39 14 ex-

215 839 84 22 cellent
306 837 46 23 and
363 837 102 28 spacious
479 835 156 23 accommoda-

44 859 151 38 nggjjMtflg
214 867 59 21 tions
292 865 36 23 for
345 871 143 22 passengers;
510 862 46 22 will
573 863 62 20 meet

44 886 151 38 qgjgggjg^f
214 893 54 22 with
289 892 132 22 immediate
427 896 6 4 *
439 889 114 29 despatch.
590 889 45 21 For

216 921 83 28 freight
315 928 26 14 or
355 925 101 22 passage,
474 917 67 28 apply
557 919 22 19 to
597 915 38 22 the

44 952 104 28 Captain,
161 958 26 15 or

329 973 64 22 John
408 971 81 26 Wade,
505 971 33 21 Te
552 970 54 22 Aro.

196 1023 53 21 For
263 1021 106 21 Nelson
383 1019 106 22 Haven,
502 1018 2 10 '

44 1057 110 27 Expected
169 1057 49 19 here
233 1056 24 19 in
266 1061 13 13 a
286 1054 43 25 few
345 1053 58 24 days,
413 1051 43 20 and
467 1049 46 21 will
521 1049 52 20 meet
582 1048 53 20 with

221 1082 119 20 immediate
354 1079 104 26 dispatch.

99 1122 57 23 jpjgT
212 1114 115 31 npHAT
346 1120 51 15 new
419 1112 46 21 fine
487 1111 53 21 fast
555 1109 80 26 sailing

81 1133 89 37 3ss£|w
218 1133 30 32 JL
277 1141 109 21 schooner
394 1140 79 20 Nelson
482 1138 86 25 Packet,
577 1135 59 22 built

74 1160 130 41 Ke£|s|W
224 1169 24 21 in
278 1168 80 24 Queen
388 1165 133 23 Charlotte's
551 1162 83 27 Sound,

65 1188 141 38 JmQU^sL
226 1196 77 22 James
333 1194 98 22 Jackson
460 1195 88 20 master.
592 1190 43 23 For

47 1215 163 45 fgßJSsSigp
225 1222 82 27 freight
317 1229 25 14 or
350 1227 100 22 passage,
462 1219 67 29 apply
538 1221 22 18 to

200 1261 125 24 Wallace,
341 1259 94 25 White,
451 1256 46 23 and
509 1255 125 22 Wallace.

169 1307 54 21 For
242 1303 157 28 Wanganui
418 1303 95 24 direct,

189 1342 29 19 To
227 1341 41 20 sail
276 1345 27 14 on
313 1338 110 25 Saturday
430 1338 59 23 next,

55 1373 107 33 -<7j!~£~l
203 1376 91 30 rpHE
313 1375 46 22 fine
373 1375 45 21 fast
432 1374 81 26 sailing
529 1373 108 21 schooner

80 1396 97 37 JgjNgL
209 1396 30 29 J_
284 1403 132 26 Enterprise,
440 1403 28 20 30
495 1404 57 23 tons,
576 1399 61 22 John

48 1438 13 16 >
61 1423 137 39 ®fSSW'
216 1430 117 23 Skidmore
350 1432 96 23 master;
467 1427 40 22 has
526 1426 111 22 excellent

47 1452 152 33 tMHJjjgSJIIi
216 1456 191 23 accommodation
434 1455 36 21 for
499 1460 137 22 passengers.

216 1484 32 23 F°
249 1492 12 14 r
269 1484 83 27 freight
362 1491 23 14 or
393 1489 101 21 passage,
507 1481 66 27 apply
583 1484 23 18 to

176 1519 125 26 Wallace,
317 1517 93 26 White,
426 1516 45 22 and
484 1515 125 22 Wallace.

76 1547 65 28 April
149 1547 35 26 25,
195 1547 61 21 1842.

226 1592 53 19 For
293 1590 170 23 Manewatu,

52 1626 54 21 Will
113 1626 25 20 le
147 1624 121 27 dispatched
271 1624 42 24 for
322 1624 35 19 the
367 1622 61 21 above
432 1622 63 25 place
501 1620 138 24 immediately

77 1660 55 19 upon
142 1654 37 20 her
189 1655 74 18 return
270 1651 62 25 from
343 1650 77 24 Cloudy
429 1650 46 24 Bay
486 1648 42 21 and
543 1648 65 24 Queett

240 1676 126 24 Charlotte's
378 1677 78 23 Sound,

209 1711 115 22 FTIHAT
354 1710 53 23 well
432 1710 85 21 known
550 1709 88 27 regular

82 1738 98 25 #W»»
216 1731 30 30 JL
271 1738 75 22 trader
355 1738 109 21 schooner
468 1738 84 25 Henry,
562 1735 76 22 James

222 1764 123 29 Daymond
353 1768 91 18 master.
472 1764 45 21 For
524 1763 80 26 freight
613 1769 25 15 or

47 1786 156 46 SJWJKS
221 1799 99 21 P^sage,
333 1792 66 28 apply
409 1794 22 19 to

217 1846 126 26 Wallace,
353 1845 94 27 White,
458 1844 46 22 and
512 1844 125 21 Wallace.

115 1902 55 21 For
184 1900 69 24 Sale,
269 1898 119 28 Freight,
406 1904 29 15 or
450 1898 118 20 Charter.

89 1932 75 33 OS3§T
223 1936 115 33 rpHAT
356 1936 45 21 fine
420 1935 44 21 fast
480 1934 86 27 sailing,
583 1934 52 25 Al,

80 1958 113 36 jSsJTjiWv
230 1958 29 27 JL
297 1963 112 22 schooner
424 1963 106 19 Governor
543 1962 93 23 Holson,

75 1983 32 39 *5
116 1983 88 35 r/lßilg
234 1992 29 20 40
279 1992 49 19 tons
343 1989 96 22 burthen
445 1997 6 19 ;
466 1989 42 22 has
523 1988 59 27 good
600 1996 37 14 ac-

52 2011 161 39 fifriy'
235 2016 208 22 commodafcionrfor
447 2022 137 21 passengers,
591 2015 46 21 and

52 2038 164 34 §^ftgg4^*
234 2050 38 14 ma
272 2050 14 24 V
302 2043 15 21 b
320 2050 11 14 e
351 2045 51 19 sent
416 2045 23 18 to
456 2049 38 14 sea
509 2045 24 17 at
546 2048 13 14 a
573 2038 64 29 day's

233 2070 82 21 notice.
345 2068 75 29 Apply
428 2071 22 19 to
460 2068 94 28 Captain
564 2067 73 23 Smith

47 2105 32 14 on
88 2097 77 28 board,
177 2104 25 15 or
212 2096 37 22 the
259 2095 161 28 undersigned.

307 2130 37 21 W.
359 2130 27 21 B.
402 2129 97 22 Rhodes
513 2129 44 22 and
571 2130 38 21 Co.

276 2175 55 21 For
340 2175 71 24 Sale,

174 2208 98 23 HPHE
299 2206 53 23 well
381 2206 90 28 known,
496 2207 141 27 fast-sailing,

72 2229 95 37 CjjgjS^
183 2229 26 27 X
243 2237 72 20 cutter
332 2234 70 26 Royal
421 2236 101 23 William,
541 2236 27 20 48
587 2238 51 18 tons

68 2258 99 36 TjEF^TJr'
218 2262 99 27 register,
334 2261 55 22 with
405 2261 30 22 all
451 2262 42 21 her
509 2264 75 24 stores,
597 2262 40 21 &c.

188 2288 40 22 &c.
246 2290 39 21 &c.
314 2288 71 21 Stows
401 2295 15 14 a
426 2288 62 28 large
505 2295 71 20 cargo,
592 2288 47 21 aiid

188 2315 78 22 makes
281 2322 31 20 up
326 2315 51 22 four
391 2314 77 23 berths
481 2316 26 21 in
517 2315 38 22 the
565 2315 73 22 cabin.

49 2343 45 22 She
108 2342 41 23 has
157 2342 85 28 proved
251 2342 85 22 herself
348 2349 12 14 a
373 2342 59 27 good
441 2349 39 15 sea
494 2343 59 26 boat,
565 2342 44 21 and
618 2342 20 21 is

46 2370 52 22 well
111 2369 97 28 adapted
222 2370 35 21 for
271 2369 89 27 trading
377 2370 100 21 between
494 2369 39 22 the
549 2369 89 22 various

47 2396 139 23 settlements
197 2403 28 15 on
236 2396 38 22 the
284 2399 64 18 coast
357 2396 26 21 of
393 2396 57 22 New
460 2396 107 22 Zealand.

74 2424 44 21 For
126 2423 88 22 further
221 2423 139 28 particulars,
373 2423 67 27 apply
450 2426 23 19 to

261 2456 21 22 J.
293 2457 34 21 M.
338 2457 102 27 Taylor,
452 2457 157 28 Ship-Broker,

374 2483 33 23 Te
419 2484 55 23 Aro.

183 2530 138 21 Schooner

75 2558 71 37 *]£§*
205 2561 74 22 ALL
293 2561 143 22 -PERSONS
457 2561 85 28 having
560 2561 77 23 claims

186 2593 52 18 -XA.
247 2604 2 4 ■
266 2588 89 27 against
368 2588 39 22 the
422 2588 111 22 schooner
546 2590 92 20 Look-in
640 2604 2 6 ,

47 2610 137 33 saiigrSwW
201 2623 38 14 are
253 2615 118 27 requested
385 2618 22 18 to
422 2619 90 24 present
522 2615 37 23 the
575 2624 62 14 same

199 2650 29 14 on
245 2650 25 14 or
287 2642 76 22 before
380 2641 39 23 the
436 2642 44 22 last
496 2643 45 27 day
557 2644 25 21 of
598 2644 38 22 the

47 2672 91 25 present
155 2670 79 22 month
251 2669 127 26 (otherwise
394 2669 54 28 they
464 2673 81 19 cannot
559 2671 28 21 be
601 2678 36 14 re-

47 2697 88 27 ceived)
146 2697 35 21 for
190 2697 163 22 consideration
363 2699 24 19 to
396 2696 38 22 the
445 2696 157 29 undersigned.

266 2730 64 23 John
345 2730 81 26 Wade,

112 2757 78 27 Agent
198 2760 22 19 to
229 2758 38 22 the
278 2758 91 21 Owners
379 2757 25 22 of
411 2758 37 21 the
458 2758 50 22 said
517 2758 118 22 Schooner.

47 2783 33 22 Te
90 2783 55 28 Aro,
159 2784 62 28 April
228 2786 34 26 18,
273 2786 62 20 1842.
454 2793 3 3 •

76 2827 3 7 <
80 2823 71 39 ]f9&
188 2827 165 25 /CAPTAIN
377 2828 89 22 WEBB
483 2829 46 22 will
550 2832 40 19 not
607 2829 29 23 be

67 2850 92 32 ■JSjußa
245 2855 136 22 answerable
397 2855 35 22 for
449 2863 45 20 any
505 2856 62 22 debts
583 2864 54 14 con-

48 2877 137 29 eaHSi%is£i
200 2881 84 22 tracted
297 2881 32 28 by
337 2883 39 21 the
393 2890 56 15 crew
464 2883 27 21 of
500 2883 38 22 the
547 2884 90 20 Martha

48 2907 110 26 Ridgway.

76 2934 145 27 Wellington,
232 2935 63 27 April
310 2937 33 26 16,
357 2937 61 21 1842.

49 2979 96 21 Infant
162 2979 101 21 School
283 2981 100 24 Room,
399 2982 150 22 Thorndon
562 2984 73 24 Flat,

202 3014 59 20 Near
275 3014 35 20 the
326 3015 64 21 Court
402 3017 78 20 House.

49 3047 94 50 THE
157 3047 71 22 above
244 3055 63 14 room
316 3048 45 22 will
369 3050 28 21 be
412 3050 87 27 opened
509 3050 79 28 (D.V.)
606 3059 28 14 on

124 3074 97 28 Sunday,
225 3078 61 23 next,
297 3075 57 27 May
367 3078 20 24 1,
399 3078 60 25 1842,
470 3084 24 15 as
509 3085 14 14 a
536 3078 63 27 place
613 3078 26 22 of

48 3101 79 22 Public
143 3101 111 28 Worship,
270 3102 23 21 in
310 3102 126 22 connexion
448 3104 102 23 with.the
567 3105 68 22 Inde-

73 3129 103 27 pendent
185 3128 127 23 Protestant
321 3128 132 23 Dissenters-
459 3130 25 22 of
498 3131 109 27 England..

201 3162 54 27 ,Mr.
274 3162 201 27 WOODWARD,

49 3189 54 26 (late
119 3189 107 23 Minister
240 3189 26 23 of
277 3189 76 22 Union
369 3189 92 28 Chapel,
474 3190 85 27 Poplar,
573 3191 62 22 Mid-

45 3216 97 29 dlesex,)
164 3217 47 22 will
232 3217 95 28 preachi.
334 3216 106 27 morning
462 3217 46 21 and
532 3218 102 27 evening.

45 3243 91 23 Service
145 3247 23 19 to
178 3251 130 15 commence
322 3243 25 23 in
356 3243 38 23 the
402 3244 107 27 morning
519 3247 24 17 at
550 3244 84 27 eleven,

47 3271 45 21 and
101 3271 24 22 in
134 3271 39 22 the
184 3271 97 28 evening
290 3275 25 17 at
322 3270 110 28 half-past
439 3270 44 22 five
494 3270 93 22 o'clock.

47 3316 163 24 /CAPITAL
230 3315 196 27 FRONTAGES,
442 3316 33 21 in;
486 3315 151 23 Willisrstreet

47 3339 42 26 Ky
118 3342 47 23 and
174 3343 186 30 Dickspn-street,
366 3346 29 19 ,to
399 3342 33 23 .be
441 3342 33 22 let
482 3342 36 22 for
526 3342 108 28 building,

46 3377 32 14 on
96 3377 14 14 a
127 3370 56 28 long
346 3373 23 19 at
386 3377 15 14 a
419 3377 55 20 very
494 3369 45 22 low
557 3367 78 24 rental.

45 3396 109 28 Applyto
397 3423 30 8 „,
489 3398 3 3 '

242 3435 11 8 *
294 3433 4 6 >
320 3425 20 13 •'
353 3424 28 22 G.
397 3424 42 22 W.
449 3424 131 26 Schroder,
585 3433 3 2 -

183 3461 5 3 -
199 3470 4 3 .
235 3469 5 4 .
293 3458 5 3 •
334 3454 4 5 '
360 3466 4 5 ,
470 3450 165 22 ■Willis-Street.

44 3495 76 49 ON
146 3495 79 22 SALE
247 3497 30 25 by
299 3495 40 23 the
357 3495 158 28 undersigned,
541 3502 13 15 a
573 3495 62 28 large

124 3522 104 27 quantity
237 3523 26 21 of
269 3523 79 22 Maize
355 3523 46 22 and
414 3523 112 22 Potatoes.

285 3565 2 5 1
308 3562 3 3 '
341 3558 38 23 W.
393 3558 90 27 Allen,
501 3557 108 23 Butcher.-
621 3564 3 5 ■

73 3591 201 27 Manners-street'?
280 3591 33 23 Te
322 3591 50 23 A'fg
381 3591 58 23 Flat.
452 3601 4 3 ■
620 3589 3 4 '

241 3636 83 21 Dried
338 3636 100 22 Fruits.

61 3671 18 20 A
97 3668 150 24 NDERSON
258 3667 43 23 and
311 3667 119 23 ROWAN
439 3669 45 28 beg
495 3672 23 20 to
532 3668 102 22 intimate

43 3691 53 32 J\.
123 3697 49 21 that
181 3695 54 28 they
242 3694 58 22 have
308 3695 49 26 just
365 3696 103 22 received
482 3697 26 21 31
526 3696 69 22 boxes
611 3695 26 23 of

42 3718 66 30 iiried
116 3723 61 27 fruit,
186 3729 29 15 ex
226 3722 49 27 brig
281 3722 79 26 Jamesi
365 3722 59 22 from
434 3723 60 28 Cape
503 3723 75 27 Town,
588 3722 44 23 viz.

221 3749 87 22 •Boxes
323 3749 117 27 Almonds,

234 3776 74 22 Boxes
317 3776 109 27 Walnuts,

234 3803 74 22 Boxes
318 3802 104 28 Quinces,

233 3829 75 23 Boxes

226 3857 80 22 .Boxes
316 3856 60 27 Figs,

233 3884 75 22 Boxes
318 3883 108 22 Peaches.

38 3911 51 23 The
98 3912 73 23 above
177 3911 20 23 is
206 3911 35 22 for
249 3910 46 23 sale
305 3913 24 19 at
343 3909 59 23 their
418 3910 75 23 Stores
507 3907 124 37 in/^illis-

39 3941 74 25 street,
125 3939 190 26 Lambton-quay:

35 3972 148 28 Wellington,
197 3972 64 28 April
292 3972 34 26 21,
340 3972 62 21 1842.
