2540 4039
1906 3901 74 17 Printed
1994 3901 37 16 and
2044 3901 98 21 published
2159 3907 53 16 every
2224 3898 118 26 'Wednesday
2356 3903 38 15 and
2404 3898 73 20 Saturday

1907 3938 4 6 ,
1923 3934 4 9 :
1928 3922 88 21 moming,
2031 3922 22 21 by
2072 3923 86 16 Samusl
2171 3924 90 19 Kbtaks,
2278 3926 20 14 at
2311 3924 32 17 the
2359 3924 53 15 Office
2427 3924 16 13 w
2453 3920 24 14 tv«

1928 3943 48 17 New
1990 3943 98 17 Zealand
2099 3944 93 16 Gazetti
2203 3948 41 13 anb
2259 3944 133 18 Wslliugtoh
2408 3943 69 16 Specta-

1927 3968 43 15 tor,
1981 3964 158 23 Mannmn-ipMtt,
2149 3963 115 24 Wellington,
2277 3966 42 17 Port
2331 3964 102 19 JttAtlion,
2444 3960 33 18 Vt*.

1928 3985 85 16 Z«aUnd.

56 148 59 20 'New
125 147 98 24 Zealand,
232 146 43 20 and
284 145 68 20 which
362 144 44 21 said
416 143 46 21 Act'
464 143 23 20 of
494 143 36 20 the
536 141 109 20 Governor

57 176 47 25 ,and
114 174 74 21 Coucil
197 174 24 20 of
227 172 131 21 New-South
366 171 71 23 Wales
445 171 20 20 is
479 169 89 21 entitled
568 179 28 4 —
597 169 5 10 '
609 167 35 20 An

61 202 42 20 Act
120 204 23 19 to
162 206 101 21 empower
281 201 36 19 the
337 199 107 21 Governor
459 197 28 21 .of
508 196 51 20 New
578 195 67 20 South

62 229 71 20 Wales
152 232 27 18 .to
198 227 87 27 appoint
304 227 173 20 Commissioners
496 224 50 19 with
565 222 80 20 certain

61 263 80 19 powers
151 258 23 17 to
183 256 94 19 examine
286 254 42 21 and
337 254 112 26 cepprt.on
460 251 71 20 claims
541 252 21 18 to
573 252 71 23 grants
652 269 3 3 .

58 284 28 24 of
98 283 50 20 land
164 283 23 20 in
197 282 51 20 New
265 281 99 24 Zealand,
379 279 44 21 and
437 279 43 21 also
491 281 27 17 .to
534 277 110 20 terminate

62 317 42 19 any
123 310 133 20 commission
271 309 70 20 issued
357 307 65 21 under
433 307 40 24 .the
487 311 70 18 same,,
571 303 47 25 and.,
623 305 21 17 to
652 310 3 10 :

61 338 109 20 authorize
188 338 35 19 the
237 337 109 20 Governor
362 335 24 19 of
399 334 36 20 the
451 333 81 24 Colony
552 331 23 20 of
593 329 62 21 New'

63 365 92 21 Zealand
173 368 22 17 to
210 364 86 26 appoint
315 361 172 24 Commissioners
499 360 51 19 with
557 373 2 6 ,
566 358 78 20 certain
653 375 2 9 (

61 399 82 19 powers
151 397 23 16 to
184 390 93 22 exa'arine
285 389 42 20 and
334 390 71 25 report
415 395 27 14 on
460 388 71 20 claims
541 389 21 17 to
572 388 72 25 grants

63 421 23 20 of
99 420 51 20 land
165 418 87 23 therein,
273 418 41 19 and
332 420 23 16 to
365 416 80 21 declare
464 415 27 20 all
501 415 61 20 other
578 414 64 23 titles,

61 450 75 24 except
158 448 60 18 those
236 444 87 20 allowed
341 444 28 26 by
385 444 36 20 the
436 443 82 24 Crown,
538 441 47 21 null
603 441 41 20 and

172 474 44 19 The
232 472 173 19 Commissioners
423 470 82 20 therein
524 468 120 20 mentioned

60 495 44 28 are*
110 500 93 22 directed
219 501 23 18 to
259 498 87 26 enquire
362 498 45 20 into
425 498 41 20 and
485 498 31 19 set
533 496 59 20 forth
608 496 36 19 the

59 529 59 26 price
128 535 23 13 or
163 526 91 21 valuable
270 526 155 19 consideration
439 524 50 21 with
504 524 38 19 the
557 524 88 24 sterling

59 557 62 19 value
140 554 86 24 thereof,
238 553 49 26 paid
296 553 36 20 for
343 554 34 19 the
386 553 60 20 lands
463 551 94 24 claimed,
573 554 23 17 to
604 557 41 20 any
654 567 1 3 .

54 584 29 24 .of
95 583 36 20 the
141 582 71 20 Chiefs
225 587 25 14 or
259 580 73 21 Tribes
341 587 23 13 or
372 587 42 19 any
431 579 115 26 aboriginal
561 578 83 20 inhabi-

58 613 58 17 tants
129 616 24 14 or
168 608 127 22 inhabitants
311 608 25 19 of
353 608 36 20 the
406 608 44 20 said
464 607 75 25 colony
555 606 24 20 of
593 606 51 20 New

57 637 92 21 Zealand
159 643 22 13 as
190 635 46 21 well
247 642 22 13 as
284 635 36 20 the
340 636 50 19 time
405 635 42 20 and
462 640 86 14 manner
565 634 25 21 of
608 635 36 20 the

54 667 109 26 payment,
174 664 41 20 and
223 663 36 19 the
270 663 160 20 circumstances
437 662 67 21 under
512 660 69 21 which
592 663 52 21 such

59 694 99 24 payment
168 698 41 14 was
218 691 66 23 made,
295 691 43 19 and
353 691 44 19 also
412 693 23 17 to
452 689 86 26 enquire
547 688 46 20 into
604 690 41 20 and

54 722 35 20 .set
99 719 58 20 forth
166 720 36 20 the
210 718 88 20 number
307 718 24 20 of
343 724 57 14 acres
409 717 68 21 which
484 716 52 20 such
544 719 101 24 payment

58 747 70 20 would
136 747 52 20 have
198 747 52 19 been
265 745 119 26 equivalent
399 747 29 21 to,
443 745 110 24 according
573 747 22 17 to
608 745 36 19 the

61 776 59 20 rates
129 775 55 19 fixed
198 775 21 19 in
230 780 12 12 a
252 773 105 23 schedule,
367 773 88 19 marked:
466 772 26 24 3,
510 775 22 16 to
548 771 37 20 the
600 771 45 21 said

57 802 82 24 recited
149 801 118 20 Ordinance
277 799 100 24 annexed,
397 799 40 19 and
452 799 17 19 it
485 799 18 19 is
518 799 43 19 also
572 798 27 25 by
608 799 36 19 the

59 829 46 19 said
113 829 78 19 recited
202 827 119 21 Ordinance
331 826 106 27 piovided,
448 827 46 19 that
508 832 28 14 no
550 828 62 23 grant
622 825 23 20 of
649 830 6 6 *

58 856 51 21 land
120 855 52 21 shall
180 856 27 23 be
216 854 157 20 recommended
383 853 28 26 by
428 853 35 19 the
480 853 45 20 said
541 852 103 20 Commis-

59 883 81 20 sioners
149 883 67 20 which
225 882 54 22 shaU
289 881 75 20 exceed
378 881 24 19 in
419 883 71 17 extent
506 880 54 20 2560
579 886 64 19 acres,

58 910 71 19 unless
148 909 98 27 specially
264 908 124 21 authorized
404 909 81 19 thereto
503 907 27 26 by
545 908 36 19 the
600 908 44 20 Go-

57 943 84 18 vernor,
151 937 51 20 with
212 936 35 20 the
256 936 71 20 advice
334 936 25 20 of
368 936 37 20 the
423 935 113 20 Executive
546 935 98 20 Council.

57 964 50 20 And
125 964 97 24 whereas,
242 964 28 25 by
286 970 27 13 an
332 966 144 22 arrangement
495 963 84 19 entered
598 963 46 19 into

59 992 93 19 between
162 992 38 19 her
210 991 109 25 Majesty's
334 990 141 25 Government
491 989 41 21 and
546 990 37 20 the
592 990 52 20 New

59 1019 92 20 Zealand
172 1019 114 25 Company,
306 1018 18 19 it
343 1024 41 14 was
399 1017 107 26 provided.
543 1017 56 20 That
607 1034 3 5 ,
618 1024 26 13 an

56 1048 94 21 .account
160 1046 73 20 should
244 1046 24 20 be
281 1046 64 19 taken
359 1045 27 22 .of
403 1046 36 19 the
456 1051 56 14 sums
524 1044 24 20 of
569 1051 76 19 money

61 1074 95 20 invested
165 1074 28 25 by
202 1074 34 19 the
247 1073 45 20 said
301 1072 109 27 Company
419 1073 23 20 in
451 1072 36 20 the
504 1072 100 26 purchase
622 1073 24 19 of

59 1101 61 20 lands
139 1101 22 20 in
178 1101 50 20 New
248 1100 100 24 Zealand,
365 1100 56 20 from
436 1100 36 19 the
486 1099 75 20 Native
573 1100 71 20 Chiefs

60 1128 41 21 and
112 1128 76 26 others,
200 1128 20 20 in
232 1129 36 19 the
278 1128 72 26 taking
359 1134 36 20 up,
412 1127 124 25 chartering,
546 1128 43 19 and
598 1128 46 19 des-

60 1156 102 26 patching
171 1156 24 20 of
207 1156 57 26 ships
274 1156 32 19 for
317 1156 35 19 the
363 1161 129 19 conveyance
501 1154 23 21 of
532 1155 112 25 emigrants

59 1183 88 25 thither,
162 1184 22 20 in
202 1183 34 20 the
255 1183 145 20 maintenance
419 1183 25 20 of
464 1182 51 20 such
532 1183 112 25 emigrants

58 1210 74 24 befor.e
151 1211 40 19 and
214 1211 75 25 during
306 1210 38 20 tho
360 1210 93 20 outward
470 1215 83 20 voyage,
570 1211 24 18 in
609 1210 35 20 the

59 1238 103 26 purchase
169 1238 41 20 and
218 1237 146 21 transmission
374 1237 25 20 of
412 1240 65 17 stores
485 1237 33 20 for
527 1237 37 20 the
573 1237 71 26 public

59 1271 39 14 use
107 1265 24 20 of
143 1265 36 20 the
186 1265 90 20 settlers,
294 1264 137 27 collectively,
448 1270 27 14 on
490 1265 55 19 their
561 1265 82 24 arrival,

59 1293 24 19 in
94 1298 92 21 surveys,
201 1293 22 19 in
240 1293 36 19 the
292 1293 93 19 erection
398 1293 24 19 of
440 1291 112 26 buildings,
571 1298 24 15 or
609 1293 36 19 the

57 1320 114 22 .execution
179 1320 25 20 of
215 1321 60 19 other
284 1320 76 24 ■works,
371 1319 108 20 dedicated
487 1319 126 27 exclusively
622 1323 22 17 to

59 1347 37 20 the
105 1347 71 26 public
186 1348 77 20 service
272 1347 24 20 of
308 1348 35 19 the
354 1347 126 23 settlement,
491 1347 41 19 and
543 1347 24 19 in
585 1347 61 20 other

59 1375 64 20 heads
133 1375 24 19 of
169 1375 142 26 expenditure,
322 1382 24 13 or
353 1375 94 20 absolute
463 1375 113 23 liabilities,
593 1381 52 14 una-

58 1403 99 26 voidably
172 1403 103 26 required,
291 1409 24 13 or
324 1403 123 24 reasonably
461 1402 98 20 incurred
567 1403 33 20 for
609 1403 37 19 the

59 1429 204 22 before-mentioned
280 1436 103 21 purposes
390 1437 5 17 ;
411 1430 42 20 and
467 1429 48 20 that
531 1430 60 20 when
611 1431 35 19 the

59 1460 88 18 amount
157 1458 22 20 of
191 1458 35 20 the
237 1458 44 21 said
288 1458 138 25 .expenditure
437 1457 75 21 should
524 1457 53 21 have
593 1458 53 20 been

59 1485 137 23 ascertained,
207 1486 35 19 the
250 1485 44 21 said
305 1485 108 26 Company
429 1485 76 20 should
520 1485 26 19 be
560 1486 86 19 secured

57 1511 31 27 by
98 1519 13 13 a
119 1515 61 23 grant
188 1513 55 20 from
260 1514 36 19 the
314 1512 75 22 Crown
405 1516 22 17 to
527 1512 67 21 under
609 1514 37 19 the

142 1540 43 20 seal
195 1540 23 20 of
230 1541 36 20 the
285 1540 89 26 Colony,
392 1541 24 19 of
435 1546 23 14 as
474 1546 62 20 many
550 1547 58 14 acres
624 1541 24 20 of

58 1566 52 21 land
117 1573 22 14 as
148 1568 75 19 should
232 1568 26 20 be
268 1569 62 25 equal
338 1571 22 17 to
369 1568 49 20 four
430 1568 59 21 times
507 1568 35 19 the
559 1568 87 20 number

60 1594 24 19 of
98 1596 81 24 pounds
197 1596 87 25 sterling
298 1596 69 19 which
385 1596 47 25 they
451 1595 76 20 should
541 1595 26 20 be
579 1596 67 20 found

59 1624 24 17 to
91 1622 52 19 have
153 1623 106 25 expended
267 1624 24 19 in
299 1623 37 20 the
345 1629 94 17 manner,
457 1623 41 19 and
506 1623 34 20 for
550 1623 36 20 the
595 1630 51 19 pur-

59 1655 63 19 poses
141 1650 109 20 aforesaid.
296 1651 50 19 And
362 1650 97 24 whereas,
480 1650 37 19 her
536 1650 110 26 Majesty's

62 1676 143 21 Government
212 1678 53 19 have
271 1678 94 20 declared
375 1678 55 20 their
439 1678 106 19 intention
551 1680 21 17 to
583 1679 64 25 apply

60 1705 24 19 to
96 1704 28 20 all
138 1705 60 20 other
211 1711 86 20 persons
313 1706 35 19 the
364 1705 46 20 rule
420 1707 22 18 to
458 1705 75 20 which,
542 1705 36 21 the
593 1706 52 20 New

60 1731 93 21 Zealand
167 1732 108 26 Company
289 1732 43 20 will
340 1733 32 19 'be
389 1733 88 25 subject,
492 1733 22 19 in
528 1735 83 24 respect
623 1733 24 20 of

58 1759 38 19 the
105 1759 97 26 quantity
211 1759 24 20 of
244 1759 50 21 land
303 1762 22 18 to
336 1760 24 20 be
369 1760 89 25 granted
468 1762 23 17 to
505 1760 58 20 them
571 1761 75 19 within

59 1786 37 20 the
107 1787 94 26 Colony,:
214 1787 28 20 be
250 1790 18 17 it
282 1787 103 21 therefore
395 1787 94 21 declared
499 1788 40 19 and
550 1788 94 25 enacted,

58 1813 28 27 by
97 1814 36 20 the
143 1813 108 21 Governor
261 1815 23 19 of
292 1815 53 20 New
359 1815 98 26 Zealand,
468 1816 51 19 with
527 1816 37 20 the
573 1817 71 19 advice

59 1841 42 19 and
111 1843 87 19 consent
207 1842 23 25 of.
238 1843 36 19 the
288 1842 125 26 Legislative
424 1843 89 20 Council
522 1843 89 26 thereof,
621 1850 23 14 as

56 1869 83 20 follows
146 1877 6 11 :
154 1880 28 4 —
555 1871 9 2 *

88 1897 20 19 1.
136 1897 44 20 The
191 1897 101 21 Schedule
301 1897 87 21 marked
400 1897 51 21 Bto
465 1898 36 20 the
511 1898 45 20 said
566 1899 77 20 Ordin-

60 1930 52 14 ance
121 1925 100 24 annexed,
237 1925 41 20 and
287 1931 24 14 so
321 1926 64 19 much
399 1925 102 20 thereofas
516 1932 23 13 so
550 1927 93 19 restricts

59 1952 37 20 the
106 1955 70 22 grants
186 1952 24 20 of
216 1952 50 20 land
275 1955 22 17 to
308 1952 26 20 be
343 1952 159 21 recommended
515 1953 29 26 by
543 1974 2 5 ;
553 1954 36 19 the
600 1954 43 19 said

60 1979 173 20 Commissioners
247 1987 22 13 as
285 1980 110 25 aforesaid,
407 1980 42 20 and
461 1986 23 13 so
499 1981 63 19 much
572 1982 23 19 of
607 1982 36 19 the

58 2007 46 19 said
120 2006 118 20 Ordinance
254 2014 22 13 as
291 2008 20 18 is
327 2008 139 19 inconsistent
482 2008 51 19 with
548 2008 37 20 the
599 2009 44 20 said

58 2033 80 21 recited
145 2036 149 24 arrangement,
303 2034 41 20 and
350 2034 43 21 this
404 2035 125 26 Ordinance,
539 2035 20 20 is
566 2036 77 26 hereby

56 2062 99 24 jepealed

88 2090 22 19 2.
138 2090 35 19 All
188 2090 60 19 lands
262 2089 74 20 within
350 2090 36 20 the
407 2090 88 26 Colony,
509 2090 69 21 which
591 2092 52 19 have

60 2116 55 20 been
124 2116 78 26 validly
209 2117 47 20 sold
265 2117 26 25 by
299 2117 37 20 the
346 2118 122 24 Aboriginal
478 2118 86 20 Natives
574 2119 69 19 there-

59 2144 32 24 of,
111 2150 34 13 are
162 2144 70 20 vested
251 2144 22 19 in
291 2144 40 20 her
343 2144 99 26 Majesty,
461 2145 37 20 her
516 2146 65 24 heirs,
602 2146 41 19 and

59 2177 126 20 successors,
200 2177 23 17 *s
237 2174 47 24 part
298 2172 24 19 of
334 2172 35 20 the
387 2172 96 21 demesne
498 2173 60 20 lands
573 2173 24 20 of
609 2173 34 20 the

60 2199 83 20 Crown.

86 2227 22 21 3.
136 2226 68 20 There
210 2226 53 20 shall
272 2227 26 19 be
309 2227 110 26 published
428 2227 54 20 from
491 2228 50 19 time
551 2230 23 18 to
584 2228 58 25 time,

58 2253 23 20 in
92 2254 35 19 the
140 2253 134 21 Government
290 2255 86 19 Gazette
390 2255 23 20 of
428 2255 52 20 New
492 2255 93 20 Zealand
593 2262 51 19 pro-

58 2281 124 20 clamations
200 2281 117 26 describing
332 2283 27 19 all
378 2282 60 20 lands
454 2288 22 14 so
491 2283 77 26 validly
585 2283 57 24 sold;

58 2309 79 24 setting
146 2309 58 20 forth
213 2309 36 20 the
259 2309 107 26 situation,
378 2310 125 20 boundaries
518 2310 42 20 and
573 2313 71 17 extent

58 2336 91 25 ■thereof,
164 2337 41 19 and
222 2337 53 19 such
292 2337 61 20 other
371 2337 123 26 particulars
512 2344 22 13 as
551 2344 48 20 may
617 2338 27 20 be

58 2370 112 19 necessary
178 2363 33 21 for
226 2364 126 26 identifying
365 2365 37 19 the
416 2371 63 14 same.
508 2365 71 26 Every
592 2366 52 20 such

58 2391 151 26 proclamation
226 2392 54 19 shall
293 2392 27 19 be
336 2392 94 20 received
442 2393 23 19 in
484 2393 29 19 all
528 2392 76 21 Courts
621 2393 23 19 of

58 2418 82 20 Justice
160 2426 22 13 as
205 2419 120 21 conclusive
343 2419 98 21 evidence
460 2420 46 20 that
527 2420 36 20 the
583 2420 61 20 lands

59 2446 82 20 therein
152 2446 106 20 described
268 2453 34 13 are
311 2447 75 19 Crown
395 2447 59 19 lands
465 2454 22 12 as
495 2448 112 18 aforesaid.

88 2474 22 20 4.
138 2473 116 21 Whenever
263 2474 17 23 jit
289 2474 55 21 shall
352 2474 26 20 be
387 2475 97 26 reported
493 2475 29 25 by
529 2481 40 20 any
580 2476 63 20 Com-

59 2501 112 20 missioner
181 2507 23 14 or
211 2500 174 24 Commissioners
396 2503 23 19 of
432 2502 59 21 Land
501 2503 85 25 Claims,
597 2504 47 19 that

58 2535 43 19 any
110 2535 83 19 person,
208 2529 94 20 whether
311 2530 27 19 he
353 2530 55 19 shall
425 2530 26 20 be
465 2537 12 12 a
493 2531 84 20 natural
590 2532 54 19 born

58 2556 81 26 subject
150 2563 24 14 or
183 2563 14 12 a
204 2556 75 20 citizen
289 2563 24 13 or
324 2557 80 25 subject
411 2558 24 19 of
443 2564 41 20 any
489 2558 82 26 foreign
582 2560 60 22 state,

58 2584 19 19 is
98 2584 94 24 entitled,
211 2584 67 20 under
296 2584 35 21 ths
354 2586 119 25 provisions
539 2586 37 20 the
599 2586 45 19 said

61 2610 127 24 Ordinance,
203 2614 22 17 to
243 2619 12 12 a
268 2615 61 22 grant
339 2613 23 19 of
374 2612 50 21 land
439 2613 24 19 in
479 2615 81 24 respect
575 2614 24 19 of
611 2613 33 20 his

59 2639 80 25 alleged
150 2639 107 26 purchase,
268 2640 52 19 such
329 2646 76 20 person
416 2640 59 24 shall,
486 2647 28 16 on
521 2641 43 20 'the
572 2643 72 24 report

60 2666 64 26 being
132 2667 113 19 confirmed
254 2666 28 26 by
289 2667 35 20 his
340 2667 126 27 Excellency
476 2669 35 19 the
528 2667 115 25 Governor,

59 2694 28 20 be
97 2694 88 20 entitled
194 2696 20 17 to
226 2700 12 14 a
247 2694 67 20 Grant
324 2695 54 20 from
388 2695 35 20 the
435 2695 75 21 Crown
520 2697 38 19 out
572 2696 24 20 of
609 2696 36 19 the

60 2721 51 22 land
125 2721 77 26 validly
209 2722 47 20 sold
265 2725 22 19 to
306 2723 51 19 such
371 2728 77 20 person
458 2723 24 19 of
493 2723 48 20 four
551 2723 60 20 times
622 2730 22 13 as

61 2755 65 20 many
134 2755 58 14 acres
201 2755 21 13 as
233 2749 26 20 he
270 2749 54 21 shall
332 2750 25 20 be
369 2750 68 20 found
445 2752 23 18 to
477 2751 52 19 have
539 2751 107 26 expended

59 2775 84 26 pounds
159 2777 86 25 sterling
259 2777 24 19 in
299 2784 86 13 manner
395 2778 41 20 and
450 2778 33 19 for
492 2779 37 19 the
544 2784 101 21 purposes

59 2803 144 21 hereinbefore
222 2804 129 20 mentioned.
379 2804 103 21 Provided
499 2805 83 26 always,
600 2806 46 19 that

61 2831 61 19 when
136 2831 64 25 goods
216 2831 54 20 shall
278 2831 53 21 have
344 2832 53 20 been
411 2833 61 24 given
482 2835 22 18 to
513 2833 37 19 the
560 2832 86 20 Natives

62 2859 25 21 in
95 2859 70 19 barter
174 2858 32 20 for
215 2858 57 24 laud,
283 2859 36 19 the
328 2859 60 20 value
398 2860 24 20 of
430 2860 35 19 the
474 2860 65 25 goods
553 2866 24 14 so
586 2860 61 26 given

63 2885 54 21 shall
127 2885 26 20 be
162 2885 108 21 estimated
276 2888 23 17 at
306 2887 59 19 three
376 2887 60 20 times
446 2887 54 21 their
506 2887 75 26 selling
590 2887 57 27 price

63 2913 24 19 in
98 2913 83 28 Sydney
192 2915 20 17 at
221 2913 35 20 the
266 2913 59 21 time.

92 2941 23 19 5.'
141 2940 45 20 The
197 2939 58 21 Laud
265 2942 21 18 to
302 2935 25 26 fee
337 2942 88 25 granted
440 2943 22 19 at
472 2942 35 20 the
518 2948 129 15 recommen-

62 2967 74 22 dation
149 2968 24 20 of
185 2968 35 19 the
236 2968 162 25 Commissoner,
413 2975 48 20 may
474 2969 27 20 be
514 2970 92 20 selected
619 2970 28 26 by

62 2996 38 19 the
109 3001 77 20 person
196 2996 86 19 entitled
292 2998 23 17 to
325 2997 52 19 such
388 3000 67 22 grant-
459 3000 38 17 out
506 2997 24 20 of
541 2997 38 20 the
588 2998 59 19 Land

63 3022 90 21 claimed
161 3023 29 25 by
198 3023 51 20 him.
278 3022 103 22 Provided
390 3026 47 19 that
445 3025 34 20 the
489 3025 61 20 Land
559 3031 22 14 so
592 3028 22 17 to
622 3025 25 20 be

63 3050 92 20 selected
165 3050 53 21 shall
227 3050 26 21 be
262 3051 23 19 in
300 3057 40 14 one
349 3052 70 23 block,
436 3054 22 19 to
467 3052 26 20 be
506 3059 23 13 as
539 3053 72 25 nearly
625 3059 22 14 as

61 3078 94 26 possible
164 3085 12 12 a
185 3079 131 25 rectangular
325 3080 73 25 figure,
407 3080 36 19 the
452 3080 88 21 breadth
547 3080 24 20 of
579 3080 68 21 which

62 3105 55 20 shall
127 3108 37 17 not
173 3106 25 22 be
207 3112 59 13 more
275 3106 52 20 than
337 3107 46 20 half
393 3107 29 20 its
435 3108 80 25 length.
545 3107 102 21 Provided

61 3133 53 26 also,
131 3133 45 20 that
185 3133 58 20 -when
259 3134 36 19 the
304 3134 63 20 block
381 3141 23 14 so
419 3138 23 17 to
456 3135 25 20 be
491 3135 88 26 granted
592 3135 55 21 shall

62 3158 28 21 be
105 3160 97 20 bounded
210 3160 28 26 by
254 3161 35 20 Ihe
301 3167 35 14 sea
350 3168 25 13 or
385 3169 12 12 a
413 3163 62 23 river,
491 3163 36 19 the
543 3163 104 25 rectangle

65 3188 103 20 aforesaid
178 3188 53 19 shall
240 3189 25 19 be
275 3194 24 14 so
308 3189 74 25 placed
392 3190 45 19 that
454 3190 36 20 the
500 3196 82 14 narrow
595 3190 52 24 side,

63 3221 26 14 or
103 3216 94 24 breadth,
205 3216 55 19 shall
273 3216 26 19 be
313 3216 96 20 bounded
421 3217 28 26 by
458 3217 36 20 the
508 3224 43 18 sea,
567 3224 23 14 or
607 3224 40 19 any

64 3243 53 19 such
126 3243 61 23 river,
202 3243 41 20 and
256 3243 36 20 the
306 3243 73 26 length
389 3245 23 19 of
425 3245 35 19 the
476 3245 103 25 rectangle
594 3245 53 20 shall

64 3276 42 14 run
115 3269 52 21 back
176 3271 54 19 from
241 3271 36 19 the
285 3277 37 13 sea
331 3278 22 13 or
360 3271 63 24 river,
434 3278 22 14 as
466 3278 50 14 near
526 3278 22 14 as
555 3273 92 26 possible

65 3299 24 18 at
98 3297 56 25 right
163 3298 69 24 angles
240 3300 22 18 to
272 3298 55 20 their
336 3299 84 23 general
432 3299 109 21 direction.

96 3324 19 20 6.
147 3325 64 19 When
221 3332 41 19 any
271 3325 51 21 land
331 3329 21 17 to
362 3327 69 21 which
438 3333 41 20 any
487 3327 99 21 claimant
596 3327 54 21 shall

64 3351 28 20 be
106 3351 65 20 found
187 3353 93 24 entitled,
299 3353 55 21 shall
368 3354 29 20 be
416 3355 97 26 required
528 3355 34 20 for
578 3355 71 26 public

66 3384 101 21 purposes
177 3380 65 20 under
252 3381 35 19 the
299 3381 117 26 provisions
426 3383 25 19 of
463 3383 35 20 the
508 3382 45 20 said
571 3383 81 20 recited

67 3406 127 22 Ordinance,
208 3407 42 19 and
266 3408 54 20 shall
335 3409 52 20 haye
403 3410 54 21 been
472 3409 55 21 built
537 3416 70 20 ;upon,
626 3416 24 14 or

66 3433 111 20 otherwise
191 3433 107 26 improved
305 3435 31 20 in.
342 3436 67 25 value,
424 3437 157 26 compensation

67 3461 27 20 be
104 3460 61 26 given
177 3460 22 20 in
208 3461 50 19 land
272 3468 24 14 or
305 3469 74 20 money
393 3466 22 18 to
430 3464 36 20 the
479 3470 71 15 owner
560 3465 25 20 of
597 3464 52 21 such

67 3487 115 29 buildpgs,
196 3489 51 19 such
260 3491 157 24 compensation
430 3494 22 18 to
461 3492 26 20 be
499 3492 61 20 -fixed
572 3492 29 26 by
613 3492 37 20 the

68 3515 172 24 Commissioner,
251 3516 87 20 assisted
348 3517 28 26 by
385 3520 40 19 two
435 3520 131 25 Appraisers,
578 3526 40 13 one
626 3522 23 17 to

66 3544 27 19 be
103 3542 112 26 appointed
226 3542 26 27 by
261 3543 37 20 the
308 3543 168 29 Commissioner,
492 3547 41 21 and
543 3548 36 19 the
589 3547 61 20 other

65 3571 31 26 by
105 3570 36 20 the
151 3570 105 20 claimant.

96 3598 21 20 7.
127 3590 7 9 l
146 3597 21 27 }f
174 3603 41 20 any
225 3600 47 23 part
280 3597 25 20 of
312 3598 35 20 the
355 3598 52 21 land
416 3602 23 17 to
447 3601 26 19 be
484 3602 88 25 granted
582 3604 22 18 to
614 3602 36 21 the

68 3625 54 20 New
135 3619 93 30 Zealand
245 3624 108 27 Company
367 3627 66 20 under
446 3628 36 19 the
494 3623 117 32 provisions
628 3630 24 20 of

69 3653 37 20 the
116 3652 102 24 afores.aid
228 3654 150 24 arrangement,
390 3654 54 19 shall
451 3654 52 21 have
512 3656 52 20 been
573 3657 77 26 validly

68 3680 47 19 sold
125 3680 27 25 by
162 3680 35 19 the
206 3679 124 27 Aboriginal
334 3680 129 21 inhabitants
470 3683 21 18 to
498 3689 40 19 any
545 3683 104 27 claimant,

68 3707 61 20 other
139 3708 51 19 than
198 3708 37 19 the
245 3708 51 20 New
304 3707 91 20 Zealand
404 3708 246 29 Company,com*perisa-

64 3734 59 24 ■tion,
138 3734 23 20 in
169 3735 61 20 other
242 3735 57 24 land,
310 3736 54 19 shall
379 3736 26 19 be
414 3736 61 19 made
485 3739 21 17 to
526 3738 57 20 such'
586 3739 63 20 claim

68 3764 45 22 ant,
124 3761 28 25 by
160 3762 36 19 the
205 3762 46 22 said
263 3762 116 26 Cpinpany,
394 3763 111 26 according
514 3766 22 18 to
546 3765 53 19 such
607 3768 44 18 rate

68 3795 24 14 as
103 3789 36 20 the
149 3789 162 21 Commissioner
320 3790 53 20 shall
382 3796 56 14 seem
447 3793 62 17 meet.

98 3817 22 19 8.
148 3816 47 21 .A.nd
200 3817 27 20 be
237 3818 18 19 it
263 3817 62 30 lastly
331 3817 94 25 enacted,
436 3818 46 19 that
488 3818 29 20 all
525 3819 36 19 the
571 3826 80 19 powers

68 3844 28 19 of
101 3844 93 26 hearing,
202 3845 125 26 examining,
337 3845 41 20 and
385 3845 114 26 reporting,
505 3852 29 13 on
542 3845 77 21 Claims
629 3849 22 19 to

68 3871 60 20 Land
139 3871 59 26 given
215 3871 27 27 by
251 3873 35 19 the
300 3873 45 22 said
358 3872 81 21 recited
447 3871 119 22 Ordinance
579 3876 22 18 to
611 3881 40 20 any

65 3902 45 16 two
122 3899 179 24 Commissioners,
312 3906 47 23 may
363 3900 30 20 -he
402 3899 106 21 exercised
517 3906 22 14 as
549 3900 53 27 folly
611 3903 40 19 and

68 3920 118 34 effectually
193 3926 30 26 by
237 3932 40 20 any
287 3927 65 26 single
365 3922 164 34 Commissioner
542 3928 67 20 whom
619 3929 32 21 his

70 3953 125 29 Excellency
209 3955 36 20 the
261 3954 108 22 Governor
384 3955 55 21 shall
451 3955 33 20 for
500 3955 46 21 that
562 3962 89 21 purpose

68 3982 96 26 .appoint.
181 3984 5 6 '

561 50 237 45 £Or?ottD
1054 44 192 47 ©a?fttt
1269 42 92 41 awa
1383 36 310 50 gaftttimgttnv
1709 32 256 52 gyptttatot.

2079 120 81 21 Book.
2171 119 129 27 Binding.
2350 138 3 4 .
2399 140 4 4 .
2424 140 8 5 „

1895 155 116 49 BOOK
2039 152 139 24 BINDING
2201 152 58 22 done
2263 155 43 19 rat
2330 153 37 22 the
2390 154 88 26 Gazetti

1973 181 79 23 Office.
2116 178 148 30 «,.'*?■•

1897 226 89 22 T7OR
1999 225 78 23 SALE
2091 227 24 19 at
2130 223 46 22 this
2190 222 71 29 office;
2279 222 80 27 Hymn
2364 219 82 28 'Books
2458 226 20 24 in

1896 246 35 29 JF
1969 252 37 23 the
2016 251 75 23 native
2101 251 119 27 language.
2244 272 3 3 .
2317 262 3 5 ■
2331 261 4 7 .
2347 260 5 14 -.
2375 268 2 6 ,

1918 286 135 24 •December.
2059 286 33 24 28,
2103 284 63 21 1841.
2191 287 43 21 r'
2259 278 29 29 1'
2341 303 3 4 .
2396 296 4 4 •
2454 305 18 5 ..,

1992 336 157 26 Stationery
2164 335 61 27 just
2238 331 153 30 unpacked.'

1899 370 72 48 ON
1986 369 86 27 SALE,
2086 372 24 18 at
2119 369 38 21 the
2170 369 85 24 Gazette
2265 367 84 23 .Office,
2367 375 30 15 an
2408 373 71 20 exten,

1962 406 3 3 -
1975 397 47 21 sive
2032 396 45 21 and
2086 395 78 23 varied
2173 397 135 21 assortment
2324 394 26 22 of
2366 395 115 31 stationery

1898 424 32 22 of'
1935 430 66 21 every
2011 420 144 30 description^.
2203 437 3 4 ■
2220 430 7 4 *

1926 450 101 27 January
2038 451 19 24 7,
2072 450 60 21 1842.

1898 505 148 34 WHPLiES
2049 511 70 25 ALE
2131 514 6 4 '
2149 511 126 24 PRICES
2298 500 6 32 '<
2310 511 169 30 CURRENT,

1999 557 132 15 CORRECTED
2147 557 30 15 UP
2192 557 28 14 TO
2233 557 57 18 LAST
2307 556 82 15 NIGHT.

2055 593 5 15 ;
2239 583 18 18 £
2279 588 9 12 s
2290 595 5 5 -
2314 584 31 22 A--
2365 591 11 15 :,
2393 583 17 18 *
2431 589 15 13 »•
2467 588 15 17 i.

1900 612 63 22 Ale:
1980 612 29 22 In
2016 612 79 27 bottle,
2109 612 116 28 perdoz..
2243 614 14 20 0
2271 613 28 22 13
2326 615 14 19 0
2357 626 19 7 ..
2395 615 13 19 0
2435 615 13 20 0
2471 618 10 20 0

1926 635 7 7 *
1966 639 5 3 '
2001 639 88 23 Elliot's
2095 647 40 20 per
2140 639 55 22 hhd.
2206 646 62 19 ..>-
2285 641 14 19 0
2327 641 13 20 0
2357 653 19 7 ..
2395 642 13 19 0
2435 642 13 20 0
2471 645 10 20 0

1900 666 99 22 Arrack
2008 674 5 14 :
2026 665 46 23 Per
2080 666 44 27 gal.
2135 666 25 22 in
2169 665 61 23 bond
2243 668 15 20 0
2286 667 11 20 1
2327 667 13 21 9
2357 681 6 5 .
2370 680 6 6 .
2395 668 13 20 0
2435 669 45 20 On

1899 693 94 21 Bread:
2008 693 45 21 Per
2060 693 45 23 2lb.
2116 693 52 22 10af
2178 691 50 23 '....'
2244 695 15 20 0
2286 695 14 19 0
2328 695 12 19 8
2355 692 22 22 '..
2396 695 13 20 0
2436 696 12 20 0
2471 699 10 20 0

1900 720 73 22 Beef:
1980 719 87 28 -Fresh,
2086 727 90 15 carcase
2190 726 41 21 per
2244 726 4 4 •
2263 727 2 9 '
2324 726 3 4 '
2345 733 4 5 .

2016 746 32 22 lb.
2127 752 95 21 •....,...
2241 749 14 19 0
2283 748 19 24 0,
2313 748 29 27 iq
2356 760 19 8 ..
2394 749 14 20 0
2434 749 11 20 1
2470 752 10 20 0

1926 771 7 4 '
2008 773 54 27 Salt,
2072 781 40 20 per
2125 773 71 23 tierce
2244 776 14 20 6
2272 775 28 21 10
2328 775 12 20 0
2358 787 27 11 ..,
2397 776 14 20 0
2436 776 13 20 0
2472 779 10 19 0

2008 800 45 24 Do.
2063 808 39 20 per
2115 801 75 22 barrel
2208 801 23 21 ..'
2243 802 16 20 4
2270 802 39 20 10'
2396 802 14 20 0
2436 803 12 20 0
2472 805 9 20 0

1900 827 105 22 Butter:
2022 827 66 28 Irishjj
2096 827 81 28 perlbi
2203 830 56 19 '..'0
2437 830 13 19 0
2472 833 10 19 0

2022 854 69 22 Fresh
2246 856 14 21 0
2286 856 14 20 3
2328 855 13 21 3
2359 868 19 6 ..
2397 856 13 20 2
2437 857 13 19 0
2472 860 10 19 0

1900 884 111 23 I7RAMMV.:
2026 881 59 22 First
2090 881 94 28 quality,
2192 888 40 21 per
2260 892 3 4 ■
2291 900 3 5 ,
2305 891 2 3 •

2050 908 75 26 gallon
2135 908 25 21 in
2171 908 60 22 bond
2244 910 41 27 OV
2286 910 14 19 6
2328 910 36 19 0.
2371 922 6 6 .
2397 910 13 19 0
2436 910 13 19 9
2472 914 9 19 0

1901 935 87 21 Brown
2007 935 74 21 Stout
2088 942 6 14 :
2118 942 41 20 per
2173 935 54 21 hhd.
2242 937 13 20 0
2284 937 14 20 0
2326 936 12 21 0
2352 934 9 22 '.
2369 949 6 6 .
2396 936 12 20 6
2436 938 12 18 0
2471 940 10 19 0

1902 962 100 21 Cigars:
2013 961 103 28 Manilla,
2124 969 40 20 per
2170 963 60 26 1000,
2245 963 56 20 310
2328 958 49 33 o]..
2396 958 14 25 4
2437 964 13 19 0
2472 966 10 20 0

2010 987 97 26 Inferior
2286 990 14 20 0
2328 990 13 20 0
2359 1003 18 5 ..
2397 991 12 19 0
2437 990 12 20 0
2472 993 9 20 0

1980 1034 2 5 ,
2011 1014 137 27 Havannah,
2154 1015 76 27 perlb.
2245 1017 13 20 0
2273 1016 27 20 16
2328 1017 13 20 0
2358 1029 19 6 ..
2397 1017 11 20 1
2436 1018 13 19 0
2471 1020 10 19 0

2009 1041 173 28 .Cliinsurahper
2187 1043 70 20 10001
2274 1043 26 20 15
2329 1042 12 21 0
2359 1056 18 6 ..
2397 1044 12 19 0
2436 1045 13 18 0
2472 1047 9 19 0

2011 1067 156 23 Alexandrian
2180 1083 46 7 ....
2245 1070 12 20 1
2273 1070 27 20 10
2328 1070 12 20 0
2358 1083 5 6 .
2371 1083 6 6 .
2396 1071 12 19 0
2436 1071 12 20 0
2471 1074 10 19 0

1903 1095 100 25 Coffee.:
2015 1095 63 27 Java,
2088 1102 41 21 per
2137 1095 64 22 1b.'..
2210 1110 18 6 ..
2246 1098 13 19 0
2288 1098 14 19 0
2330 1098 12 19 0
2438 1098 44 22 14

1903 1123 103 21 Cheese:
2022 1121 106 22 Cheshire
2246 1124 14 20 0
2288 1124 12 20 1
2330 1124 48 19 6..
2398 1125 12 19 0
2438 1125 12 19 0
2472 1128 10 19 0

2020 1149 56 22 Pine
2085 1149 76 28 Apple
2246 1152 14 19 0
2288 1152 14 19 0
2330 1152 12 19 0
2360 1164 5 6 .
2373 1164 5 6 .
2398 1152 12 19 0
2438 1152 10 19 1
2472 1154 9 19 2

2020 1175 76 22 Dutch
2157 1191 8 13 
2247 1179 13 19 0
2289 1178 25 20 0'
2331 1179 12 19 0
2360 1190 19 7 ..
2399 1179 13 24 Q
2439 1178 11 21 1
2473 1182 9 19 0

1904 1203 106 23 Candles
2016 1210 6 14 :
2029 1203 94 26 English
2130 1211 58 19 wax,
2195 1211 39 20 per

2048 1229 22 22 lb
2247 1232 13 20 0
2288 1232 14 19 3
2330 1232 13 19 6
2361 1245 19 6 ..
2399 1226 13 27 6
2439 1233 13 19 0
2474 1235 8 20 ()

2034 1257 81 21 Mould
2246 1258 55 21 0-0
2330 1260 13 19 0
2354 1268 12 10 -.
2373 1272 6 6 .
2399 1260 12 19 0
2439 1260 43 22 10

2035 1284 57 27 Pips
2246 1287 13 20 0
2288 1286 54 20 010
2354 1291 11 14 •.
2373 1299 5 6 .
2397 1287 13 20 0
2438 1287 13 19 0
2473 1290 9 19 0

1904 1311 93 22 Flour:
2007 1311 130 29 lstquality,
2149 1319 41 20 per
2194 1315 38 18 ton
2248 1330 4 7 ,

2028 1333 32 26 of
2063 1339 54 20 2000
2127 1338 35 22 lbs
2231 1340 28 21 30
2287 1340 14 19 0
2329 1340 12 19 0
2359 1340 51 21 ..33
2437 1340 13 21 0
2472 1344 9 19 0

2003 1364 47 22 2nd
2060 1364 55 22 ditto
2234 1366 26 21 25
2290 1366 13 20 0
2331 1367 12 20 0
2361 1380 19 6 ..
2399 1368 12 19 0
2438 1368 13 19 0
2473 1370 9 19 0

1905 1392 61 22 Go:
1986 1392 53 22 Pale
2056 1392 23 21 in
2091 1391 72 22 bond.'
2246 1394 14 20 0
2289 1393 13 20 0
2330 1394 14 20 0
2360 1407 18 6 ..
2398 1394 13 20 0
2437 1394 13 19 2
2472 1397 9 19 6

1922 1438 3 3 .
1954 1419 62 26 Case,
2025 1420 14 20 4
2046 1419 36 26 gal
2091 1420 37 20 4-5
2137 1419 26 22 in
2172 1420 60 21 bond
2247 1421 10 20 1
2287 1421 14 20 2
2330 1421 12 20 0
2359 1434 20 6 ..
2397 1422 13 20 0
2437 1421 11 18 0
2472 1425 9 18 o

1905 1446 82 21 Hams:
2002 1445 130 27 Yorkshire,
2147 1446 85 28 perlb.
2248 1448 13 19 0
2290 1448 18 23 0.
2331 1448 13 20 0
2361 1461 19 6 ..
2399 1450 14 19 0
2440 1448 42 23 10

1903 1473 129 24 Mustard;
2048 1472 43 23 Per
2099 1472 73 23 dozen
2248 1476 13 19 0
2276 1475 27 20 18
2331 1476 13 19 0
2354 1476 59 24 „..„()
2439 1476 13 19 0
2473 1479 9 18 o

1904 1500 114 21 Mutton:
2040 1500 93 21 Carcase
2143 1507 41 21 per
2192 1500 26 24 lb,
2227 1518 5 5 .
2247 1502 13 21 0
2290 1502 13 20 0
2331 1502 12 19 9
2361 1497 19 24 1.
2399 1502 13 21 0
2439 1503 40 21 011

1904 1527 124 22 Muskets:
2043 1526 93 23 Walnut
2142 1527 93 22 stocked
2248 1530 13 19 0
2290 1530 14 19 0
2331 1525 49 24 o'.'.
2399 1530 14 19 0
2428 1529 23 20 15
2473 1532 8 19 0

1904 1554 67 23 Milk
1978 1561 5 14 :
1998 1554 45 24 Per
2048 1554 58 27 pint.
2114 1568 5 6 .
2128 1568 5 6 .v..
2138 1559 4 5 v
2141 1569 6 6 .
2248 1557 13 19 0
2290 1556 14 20 0
2330 1556 13 20 3
2374 1569 6 6 .
2399 1557 14 20 0
2439 1557 13 19 0
2472 1559 9 18 0

1905 1581 44 22 Oil
1956 1588 5 15 :
1978 1581 103 26 Linseed,
2091 1588 40 20 per
2140 1582 77 26 gallon
2226 1584 38 21 .0.
2289 1583 16 20 5'
2330 1584 13 19 0
2353 1598 3 7 
2361 1596 26 9 ..
2399 1584 14 19 0
2440 1582 12 22 7
2473 1586 8 19 0

1978 1608 78 26 Black,
2061 1608 23 21 in
2090 1607 171 29 cask,pertonls
2291 1611 14 19 0
2332 1610 13 20 0
2363 1624 18 5 ..
2400 1611 14 20 0
2440 1610 12 20 0
2472 1613 9 19 0

2016 1635 78 25 Sperm
2154 1650 60 5 .....
2222 1636 36 22 .75
2289 1637 11 18 0
2330 1636 49 20 0..
2399 1637 11 19 0
2439 1638 11 17 0
2472 1639 7 18 0

1905 1662 77 21 Pork:
1996 1661 77 28 Fresh,
2091 1669 89 14 carcase
2196 1669 40 20 per

2022 1688 31 23 lb.
2248 1691 13 20 0
2290 1691 14 20 0
2330 1691 16 20 4
2362 1704 18 6 ..
2399 1692 14 19 0
2439 1692 12 19 0
2473 1693 8 20 0

1905 1716 78 21 Pork:
1998 1714 67 28 Irish,
2075 1723 41 19 per
2124 1716 75 22 barrel
2211 1731 18 6 ..
2248 1717 14 21 0
2290 1718 14 20 0
2331 1719 14 19 0
2363 1732 18 5 ..
2399 1719 13 19 5
2440 1719 11 19 0
2474 1721 8 19 0

1905 1742 131 22 Potatoes:
2056 1742 57 22 New
2126 1742 108 29 Zealand,

2081 1777 40 19 per
2131 1773 39 18 ton
2248 1772 12 19 5
2291 1773 13 19 0
2331 1772 14 20 0
2363 1785 5 7 .
2375 1785 7 6 .
2400 1773 13 19 8
2439 1773 12 19 0
2473 1775 9 19 0

1906 1796 94 22 Porter
2008 1803 6 14 :
2044 1796 102 28 Dunbar,
2157 1797 25 21 in
2189 1798 45 21 hot.

2072 1831 40 20 per
2123 1823 42 22 doz
2248 1826 13 20 0
2277 1825 27 21 12
2331 1827 82 20 0..0
2439 1827 12 19 0
2473 1829 9 18 0

2014 1850 86 27 Bryant
2110 1851 46 21 and
2165 1851 69 22 Davis
2249 1853 55 20 012
2331 1854 14 20 0
2363 1867 5 5 .
2375 1867 6 5 .
2400 1855 13 19 0
2439 1854 12 20 0
2473 1857 9 17 0

1907 1877 97 22 Pickles
2015 1885 5 14 :
2052 1878 125 30 Assoi^ed^
2198 1885 39 20 per

2077 1904 65 28 dpz.,.
2161 1909 75 23 quarts
2251 1907 10 20 1
2293 1907 11 20 1
2332 1907 14 20 0
2364 1921 19 6 ..
2401 1909 13 19 0
2440 1908 12 20 0
2474 1909 8 18 0

1907 1932 73 21 Pitch
1991 1939 17 15 :_
2029 1931 139 28 Stockholm,
2197 1940 40 19 per
2315 1944 4 10 i

2056 1959 72 21 barrel
2182 1970 50 10 -...-.
2251 1962 13 20 0
2293 1962 12 20 0
2333 1962 14 20 0
2364 1975 19 6 ..
2401 1963 11 19 1
2429 1961 22 21 15
2477 1964 5 19 8

1906 1986 81 21 Plank
1994 1992 5 14 :
2027 1985 54 22 Port
2103 1986 133 28 Nicholson,
2244 2004 4 3 .

2055 2019 39 20 per
2103 2015 41 24 lop
2153 2014 48 20 feet
2213 2027 5 6 .
2225 2028 5 5 .
2250 2015 55 20 019
2331 2016 14 18 0
2363 2028 6 6 .
2377 2027 5 7 .
2400 2016 11 19 1
2439 2015 11 19 1
2475 2018 7 18 0

1906 2038 69 22 Rice:
1989 2039 109 21 Common
2107 2046 42 21 per
2154 2036 49 26 cwt!
2215 2043 17 18 :.
2251 2043 14 19 0
2293 2043 13 19 0
2333 2043 14 19 0
2364 2055 20 6 ..
2402 2043 11 19 1
2441 2042 12 20 0
2476 2044 6 19 0

1987 2066 67 21 Good
2074 2078 9 8 .•
2222 2076 8 12 -.
2249 2069 13 21 0
2291 2069 13 20 0
2331 2070 14 19 0
2362 2082 19 6 ..
2399 2069 14 20 0
2439 2069 12 21 0
2475 2072 7 18 0

1905 2092 55 21 Rum
1968 2100 5 13 :
1989 2093 26 21 P.
2025 2093 26 21 B.
2063 2093 32 26 P.,
2111 2100 40 20 per
2161 2093 75 27 gallon
2246 2103 3 3 ■

2006 2134 4 5 ,
2026 2119 100 22 in^bond
2249 2123 13 19 0
2290 2122 15 20 4
2331 2122 13 19 0
2363 2135 19 7 ..
2400 2123 15 20 0
2439 2123 12 19 5
2475 2125 7 19 0

1905 2146 87 24 S,uqar:
2008 2146 120 22 Mauritius
2138 2154 40 20 per
2186 2151 48 18 cwt.
2250 2150 12 20 0
2291 2150 13 19 0
2331 2151 14 19 0
2363 2163 5 5 .
2376 2163 6 5 .
2400 2151 14 19 0
2440 2151 11 19 0
2475 2152 7 19 0

2013 2173 82 22 Brown
2109 2173 55 22 ditto
2246 2176 13 20 2
2289 2177 12 18 0
2331 2177 82 20 0..0
2439 2179 12 18 0
2474 2179 8 19 0

2014 2200 96 22 Refined
2126 2201 53 27 loaf,
2197 2208 39 21 per
2248 2205 3 4 '

2039 2227 23 21 lb
2250 2231 13 19 0
2291 2231 14 19 0
2332 2231 14 19 9
2363 2244 19 6 ..
2400 2231 13 20 0
2440 2231 11 20 0
2474 2233 8 19 0

2013 2253 97 23 Manilla
2129 2262 41 20 per
2184 2259 47 18 cwt.
2248 2258 13 20 0
2290 2258 14 19 0
2331 2259 14 19 0
2363 2270 19 7 ..
2399 2258 14 20 2
2439 2258 12 20 2
2474 2259 8 20 0

1905 2281 59 21 Salt
1973 2288 5 14 :
1993 2280 127 29 Liverpool,
2130 2289 42 20 per
2181 2286 39 18 ton
2228 2299 5 6 .
2239 2303 3 4 ,
2249 2285 13 19 3
2291 2285 13 20 0
2331 2285 14 20 0
2363 2298 5 7 .
2375 2297 7 7 .
2399 2285 15 21 4
2439 2286 12 20 0
2474 2286 8 20 0

1905 2308 59 22 Soap
1973 2316 5 14 :
2005 2308 103 22 Hawes's
2129 2303 105 34 London,

2030 2342 40 21 per
2077 2339 40 18 ton
2233 2338 29 20 40
2290 2339 14 20 0
2331 2339 13 20 0
2362 2352 19 6 ..
2399 2339 13 19 0
2440 2340 11 19 0
2474 2341 8 19 0

2023 2362 120 28 Liverpool
2157 2379 5 5 .
2170 2378 5 6 .
2184 2379 5 5 .
2196 2372 6 12 ;
2211 2379 6 5 .
2223 2363 39 23 .'36
2291 2367 13 19 0
2331 2367 14 19 0
2362 2379 6 6 .
2375 2379 6 6 .
2399 2368 14 19 0
2439 2366 11 19 0
2473 2368 9 19 0

1905 2389 91 22 Starch
2004 2397 5 13 :
2025 2389 73 23 Perlb
2250 2393 14 20 0
2291 2394 122 20 0-9..0
2439 2394 12 19 0
2473 2394 9 19 0

1905 2417 144 21 Scantling:
2064 2417 43 22 Per
2114 2419 41 20 100
2164 2417 100 27 feet..^o
2279 2420 26 20 IS
2333 2421 14 19 0
2362 2434 21 6 ..
2401 2421 11 20 1
2440 2421 12 20 0
2473 2422 9 19 0

1906 2443 127 23 Shingles:
2050 2444 42 22 Per
2099 2446 62 26 1000,
2170 2445 29 22 N.
2208 2445 26 22 Z.
2250 2447 11 20 1
2291 2447 14 20 7
2332 2448 14 19 0
2364 2460 18 7 ..
2400 2449 14 19 0
2439 2448 12 19 0
2472 2450 9 18 0

2035 2471 70 28 Ditto,
2128 2471 28 22 V.
2168 2472 29 22 D.
2208 2472 26 23 L.
2248 2474 15 20 2
2290 2474 13 20 5
2331 2476 14 19 0
2363 2488 19 6 ..
2399 2476 14 19 0
2439 2476 11 19 0
2471 2476 10 19 0

1905 2497 63 23 Tar;
1983 2498 56 22 Coal
2102 2495 52 25 ....'
2250 2501 11 20 1
2291 2500 13 21 5
2333 2502 14 20 0
2364 2515 20 6 ..
2401 2503 14 20 0
2441 2502 11 20 0
2472 2503 9 19 0

1987 2525 129 22 Stockholm
2251 2528 55 20 115
2334 2529 81 20 0..0
2441 2530 11 19 0
2473 2530 9 19 0

1906 2551 62 22 Tea:
1976 2553 82 26 Hyson
2063 2553 56 26 skin,
2126 2560 40 20 per
2175 2553 64 22 chest
2251 2556 14 20 0
2293 2556 14 20 0
2333 2556 14 20 0
2364 2556 52 21 ..12
2429 2556 24 20 12
2473 2557 9 19 0

1905 2579 105 22 Tobacco
2018 2587 5 14 :
2037 2579 144 29 Negrohead,
2198 2588 40 20 per

2063 2607 23 21 lb
2251 2610 14 20 0
2294 2610 11 20 1
2334 2610 13 20 8
2364 2603 7 26 '.
2378 2623 7 6 .
2403 2611 13 20 0
2442 2610 10 18 0
2474 2610 7 19 0

1905 2633 164 22 Turpentine:
2084 2634 44 21 Per
2133 2634 99 28 gallon..
2251 2638 14 19 0
2293 2638 14 19 8
2333 2638 15 19 0
2365 2650 19 6 ..
2403 2638 14 20 0
2441 2638 12 19 0
2472 2636 9 21 fl

1907 2660 160 22 Whalebone:
2084 2661 43 22 Per
2137 2666 39 17 ton
2235 2663 29 21 '85
2293 2664 14 20 0
2333 2665 14 19 0
2365 2665 51 20 ..90
2441 2665 11 20 0
2472 2664 9 20 0

1906 2686 82 23 Wine:
2004 2688 89 28 Sherry,
2102 2695 43 20 per
2152 2688 51 28 pipe
2214 2691 51 20 ..28
2293 2692 14 19 0
2334 2692 13 19 0
2365 2692 51 20 ..40
2441 2692 12 19 0
2472 2691 9 20 0

2013 2714 71 28 Ditto,
2100 2722 42 20 per
2156 2716 79 22 dozen.
2250 2718 12 20 1
2291 2718 16 21 4
2333 2719 14 20 0
2364 2732 19 6 ..
2400 2719 14 20 2
2441 2720 12 19 0
2472 2719 9 19 0

1906 2767 121 24 Poultry:
2043 2768 80 28 Fowls,
2130 2777 41 20 per
2177 2770 49 27 pair
2232 2786 5 7 .
2251 2772 15 21 0
2295 2772 13 20 8
2335 2773 13 20 0
2365 2786 20 5 ..
2403 2772 50 21 016
2473 2772 8 19 0

2041 2796 84 28 Ducks,
2138 2797 56 21 ditto
2214 2812 4 5 .
2226 2812 6 6 .
2251 2800 11 19 1
2293 2799 14 20 0
2333 2800 14 20 0
2364 2812 6 7 .
2378 2812 6 6 .
2403 2800 10 19 1
2429 2800 24 19 10
2472 2799 9 19 0

2043 2823 80 27 Geese,
2135 2824 57 21 each
2213 2839 5 6 .
2225 2839 6 6 .
2251 2826 13 21 1
2291 2826 15 20 0
2332 2828 14 19 0
2363 2840 6 5 .
2377 2840 6 5 .
2401 2828 13 19 0
2440 2826 11 20 0
2472 2826 9 19 0

2041 2850 109 27 Turkeys,
2163 2851 55 22 each
2241 2853 23 23 ,1
2294 2854 14 19 0
2334 2855 13 19 0
2365 2867 6 6 .
2378 2866 6 7 .
2403 2855 14 20 0
2441 2854 12 19 0
2474 2852 8 21 0

2041 2876 104 28 Pigeons,
2157 2878 78 28 (wild,)

2066 2911 41 21 per
2116 2905 50 27 pair
2250 2907 15 20 0
2293 2906 189 22 00..000

2041 2930 84 27 Ducks,
2135 2931 36 22 do.
2182 2932 50 21 do..
2251 2934 14 20 0
2293 2934 14 19 5
2333 2935 14 20 0
2365 2948 19 6 ..
2402 2936 13 20 0
2441 2935 11 19 0
2473 2934 9 19 0

1905 2957 63 22 Eggs
1975 2965 5 14 :
1996 2958 44 21 Per
2050 2958 71 22 dozen
2252 2962 14 19 0
2293 2961 15 20 3
2334 2962 14 20 0
2364 2975 7 6 •
2378 2975 7 6 .
2403 2963 13 20 0
2441 2962 12 19 3
2473 2960 9 20 6

1906 3011 76 23 Cows:
1997 3011 72 22 Milch
2238 3015 28 20 20
2293 3015 14 20 0
2333 3016 14 20 0
2364 3016 52 20 ..30
2440 3015 11 20 0
2473 3014 9 19 0

1905 3038 97 23 Mares:
2017 3039 76 22 Brood
2236 3042 28 21 50
2292 3042 14 20 0
2332 3043 14 20 0
2363 3044 52 20 ..90
2440 3043 11 19 0
2472 3042 10 19 0

1906 3065 116 22 Working
2039 3066 132 23 Bullocks:
2194 3067 43 23 Per

1932 3092 49 28 pair
2145 3102 61 13 .-...•.
2215 3097 51 19 ..40
2293 3097 14 20 0
2333 3097 14 20 0
2364 3097 52 20 ..60
2441 3096 11 20 0
2473 3095 9 19 0

1906 3120 63 21 Hire
1980 3127 26 14 of
2018 3127 66 15 ditto
2092 3128 5 14 :
2113 3121 44 23 P,er
2165 3121 50 27 day,
2224 3129 14 15 a

1933 3150 59 19 team
2002 3146 46 23 and
2055 3147 96 22 driver.'.
2251 3150 12 20 1
2293 3151 14 19 0
2333 3151 14 20 0
2364 3163 20 7 ..
2401 3151 14 20 2
2440 3151 11 19 0
2472 3149 10 20 0

1905 3173 88 22 Sheep:
2010 3174 60 21 Each
2205 3170 26 26 '..
2250 3177 12 21 1
2292 3177 13 21 8
2331 3179 14 19 0
2362 3190 20 7 ..
2401 3178 50 20 110
2472 3176 9 20 0

1905 3201 64 21 Boat
2067 3201 44 22 Per
2117 3202 51 27 day,
2173 3202 64 22 with-

2095 3231 42 19 out
2145 3229 72 21 hands
2227 3245 5 6 .
2248 3231 14 21 0
2278 3231 27 21 10
2316 3240 6 3 -
2331 3233 14 20 0
2363 3245 5 6 .
2376 3245 6 6 .
2401 3231 10 21 1
2439 3231 12 20 0
2472 3229 9 20 0

1906 3281 98 23 Wages:
2032 3282 141 28 Mechanics,
2195 3290 44 21 per

2058 3309 63 22 week
2250 3312 15 20 2
2293 3313 14 20 0
2333 3308 37 26 6.
2378 3313 37 20 .3
2440 3312 12 20 0
2472 3311 9 23 0,

2041 3335 128 24 Labourers
2187 3352 45 7 ....
2251 3339 21 20 1*
2280 3339 27 21 10
2333 3341 14 20 0
2364 3353 20 7 ..
2403 3341 10 19 1
2428 3339 23 21 16
2472 3337 10 24 Q

1926 3396 38 16 The
1976 3396 49 17 New
2035 3396 99 18 Zealand
2145 3398 92 17 Gazette
2244 3398 37 17 and
2292 3398 133 18 Wexuxgtox
2437 3398 44 16 Spec-

1905 3421 64 12 tator
1975 3417 15 17 is
1997 3417 97 21 published
2100 3423 56 17 every
2163 3419 113 21 Wednesday
2286 3421 37 16 and
2334 3421 93 20 Saturday.
2447 3418 33 18 Sub-

1903 3438 62 20 joined
1972 3443 31 12 are
2010 3439 31 16 the
2048 3440 89 16 terms:—

1996 3470 25 13 op
2027 3470 41 13 t-he
2076 3467 75 17 Paper.
2151 3476 22 4 —
2173 3468 55 21 Forty
2234 3468 85 21 shillings
2324 3473 33 16 per
2367 3473 73 14 annum,
2448 3470 34 17 pay-

1905 3487 40 16 able
1950 3487 21 17 in
1977 3487 81 17 advance
2062 3494 5 14 ;
2078 3492 20 12 or
2105 3492 35 13 one
2147 3487 76 23 shilling
2228 3489 29 17 for
2264 3489 58 22 single
2328 3490 97 22 numbers^

1927 3514 211 18 Advertisements.—
2139 3516 32 17 Six
2180 3516 47 17 lines
2239 3517 42 15 and-
2286 3517 66 20 under,-
2361 3518 26 16 3s.
2394 3513 87 21 6d.forthe

1905 3534 40 17 iirat
1954 3535 96 20 insertion,
2055 3537 43 16 'and
2109 3541 34 12 one
2151 3535 81 23 Shilling'
2235 3538 30 15 for
2270 3539 46 16 each
2318 3539 113 19 'subsequent
2436 3536 45 16 inser-

1905 3556 39 16 tion
1949 3560 10 16 ;'
1964 3557 49 16 from
2019 3556 30 17 six
2056 3559 18 15 to
2080 3559 32 14 ten
2119 3558 54 19 lines,
2180 3558 40 20 five;
2223 3558 90 21 shillings'
2319 3560 29 16 for
2352 3556 37 22 .ihe
2395 3559 46 17 'first,
2445 3554 33 18 land

1905 3581 34 12 one
1950 3577 76 21 shilling
2036 3578 37 17 and
2083 3577 87 21 sixpence
2180 3578 29 17 fox
2219 3579 45 16 each
2275 3581 112 19 subsequent
2396 3577 83 19 insertion;

1906 3598 56 16 above
1972 3600 32 14 ten
2013 3598 54 20 lines,
2078 3599 36 17 five
2126 3599 84 20 shillings
2220 3600 28 16 for
2260 3600 33 17 tha
2302 3598 38 19 flist
2351 3603 33 14 ten
2388 3600 60 17 -lines,'
2453 3596 28 18 »n*

1905 3619 98 20 fourpence
2008 3623 33 16 per
2046 3619 38 17 line
2090 3620 29 16 fox
2126 3621 32 16 the
2165 3624 63 13 excess
2235 3621 21 16 of
2264 3621 41 17 that
2312 3623 85 19 number;
2408 3619 34 18 and
2448 3620 33 15 two-

1905 3643 57 17 pence
1968 3645 32 16 per
2006 3640 38 16 line
2050 3639 80 18 for'eacb.
2137 3643 111 18 subsequent
2254 3642 96 17 insertion.

1915 3671 4 6 *
1928 3668 155 16 Advertisements
2090 3668 39 16 will
2135 3670 33 15 not
2173 3673 66 16 appear
2248 3670 22 16 in
2281 3670 32 17 the
2322 3670 79 20 ensuing
2407 3667 68 18 numbM

1907 3688 17 17 if
1931 3689 84 16 received
2020 3689 47 17 later
2072 3689 45 16 than
2131 3690 20 16 10
2158 3689 72 21 o'clock,
2233 3699 4 11 :
2239 3694 50 17 a.m.,
2295 3696 24 12 on
2326 3691 31 17 the
2364 3692 86 17 mornings
2457 3687 22 16 be*

1905 3710 38 15 fore
1957 3710 119 20 publication.
2096 3709 167 19 Advertisements'
2270 3711 39 17 will
2318 3713 22 16 be
2350 3710 94 18 continued
2448 3706 30 18 and

1907 3729 76 22 charged
1987 3730 57 16 -until
2053 3731 166 21 counter-ordered;
2231 3732 47 17 such
2284 3733 53 17 order
2342 3734 50 15 must
2398 3733 21 15 be
2425 3730 35 16 sent
2465 3729 13 15 td

1907 3751 31 16 the
1948 3752 55 16 Omce
2015 3753 35 14 two
2069 3752 45 20 days
2132 3753 61 16 before
2204 3753 118 21 publication,
2334 3754 36 16 and
2380 3754 47 16 must
2436 3751 19 16 be
2462 3749 15 16 in

1906 3772 79 21 writing.
2009 3772 157 21 Advertisements
2269 3775 3 4 '
2281 3775 52 20 after
2344 3775 27 16 10
2375 3770 2 6 '
2386 3770 62 20 o'clock
2460 3773 17 13 on

1907 3793 83 21 Tuesday
2003 3793 37 18 and
2050 3793 66 21 PriUay
2122 3794 98 22 -momiugs
2226 3795 44 17 Twill
2281 3796 23 16 be
2314 3795 77 21 charged
2401 3793 47 18 twice
2455 3790 24 16 th*

1907 3814 53 16 usual
1966 3816 53 14 rates.
2131 3823 5 3 -
2383 3814 3 4 ,
2407 3811 5 5 <
2476 3813 3 3 .

1909 3845 4 4 .
1928 3835 30 16 All
1964 3835 66 19 orders,
2043 3835 157 21 advertisements,
2211 3837 37 16 and
2258 3835 162 19 communications
2429 3835 17 14 to
2455 3831 24 16 th*

1907 3856 68 19 Editor,
1982 3859 31 13 are
2018 3856 98 20 requested
2121 3857 19 16 to
2148 3857 22 16 be
2177 3857 99 19 addressed
2281 3859 19 15 to
2307 3858 36 17 this
2349 3857 61 17 Office.
2441 3871 5 4 .

673 136 148 26 Township
837 135 31 20 of
882 135 38 20 Te
940 133 97 23 Maire,
1053 136 34 15 on
1102 131 45 20 the
1167 130 89 21 blanks

702 164 31 20 of
755 164 46 20 the
824 162 168 23 Manawatu,
1014 159 54 19 two
1090 157 69 26 days
1181 156 75 26 iyalk

703 190 70 21 from
787 190 66 20 Port
867 187 158 21 Nicholson.

673 222 159 50 MESSRS.
851 220 93 27 HORT,
962 217 159 27 MOCATTA,
1138 216 44 23 and
1201 215 52 27 CO.,

750 249 57 22 have
817 247 102 23 received
932 244 142 24 instructions
1087 244 59 21 from
1159 244 97 26 the.prd-

672 277 92 26 prietors
781 276 104 21 Captain
901 274 26 21 E.
941 273 116 25 Daniell,
1073 270 25 23 F.
1116 271 29 21 A.
1163 270 92 22 Moles-

674 310 86 19 worth,
773 309 48 20 and,
830 301 22 22 J.
863 301 79 25 Watt,
953 300 90 24 Esqrs.,
1054 297 51 22 and'
1112 296 56 23 will.
1173 295 83 28 shortly

736 345 4 3 .
771 329 54 21 offer
833 328 37 21 for
879 327 45 21 sale
934 328 28 26 by
971 325 76 29 public
1057 324 97 26 auction,
1167 340 2 8 ,

672 363 55 21 283
737 360 208 27 ALLOTMENTS
961 356 39 24 IN-
1010 357 64 22 THE
1087 355 168 25 TOWNSHIP

855 386 39 23 OF
908 387 38 21 TE
961 383 111 25 MAIRE.
1175 401 5 6 v
1221 405 3 5 ,

672 415 48 22 The
729 415 132 27 proprietors
877 413 115 27 intending
1007 415 27 19 to-
1046 409 106 24 establish
1166 418 14 14 a
1189 412 67 19 town-

673 442 49 27 ship
733 445 22 18 at
771 441 130 22 Manawatu
989 441 55 20 been
1059 441 21 18 at
1089 441 65 24 great
1162 438 63 25 pains
1233 435 23 22 in

672 468 126 29 personally
814 468 129 26 examining
959 467 48 21 that
1023 465 92 26 district,
1137 463 45 25 ajtid
1199 469 57 15 were

673 496 112 21 fortunate
795 495 90 27 enough
894 498 23 18 at
926 494 36 21 the
972 493 44 22 late
1032 491 105 22 selection
1148 491 25 21 of
1185 490 71 21 Coun-
1262 493 4 10 !

673 526 35 24 try
727 521 70 28 Land,
804 542 3 3 .
815 524 22 19 to
858 522 74 21 obtain
950 520 38 22 the
1004 526 54 19 very
1075 517 97 23 sections
1185 516 73 24 which

673 549 110 28 appeared
793 552 22 18 to
824 548 62 22 them
894 548 38 21 the
947 550 58 19 most
1019 544 87 27 eligible
1117 543 45 23 and
1174 543 93 22 advan-;

673 581 91 23 tageous
779 575 35 22 for
829 576 37 21 the
882 581 101 22 purpose.
1017 572 62 27 They
1090 570 112 23 entrusted
1217 569 39 21 the

804 602 147 28 preparation.
954 601 26 21 of
990 601 38 21 the
1037 599 53 27 plan
1101 601 22 18 to
1264 607 3 9 <

716 636 124 22 ROBERT
855 635 92 27 PARK,
962 635 63 28 Esq.,
1042 631 172 25 SURVEYOR,
1240 657 4 5 p

673 663 54 23 And
736 663 48 22 that
799 663 128 26 gentleman
942 662 41 22 has
999 659 109 27 surveyed
1124 657 143 28 andjudtci->

674 689 64 28 ously
746 689 46 22 laid
801 693 38 18 out
856 689 37 21 the
908 688 92 22 sections
1011 694 23 14 as
1049 693 14 14 a
1076 686 118 26 township,
1204 684 52 22 with

847 716 79 26 •ample
934 721 99 15 reserves
1042 712 33 23 for

672 749 142 27 WHARFS,
842 748 110 27 QUAYS,
960 759 4 5 •
978 745 184 27 EXCHANGE,
1192 743 64 23 CUS-
1265 744 2 15 i

731 776 68 22 TOM
814 774 113 27 HOUSE,'
932 776 2 5 '
940 773 135 23 MARKET
1089 772 108 26 PLACE,

673 802 139 25 CHURCH,
838 801 154 22 CEMETRY.
1018 799 103 22 COURT
1145 797 109 27 HOUSE,

745 829 68 22 AND
827 827 182 23 BOTANICAL
1023 825 158 27 GARDENS,

673 856 46 22 and
735 858 101 26 amongst
852 855 63 22 other
933 855 74 26 things
1027 860 14 14 a
1056 859 90 15 reserve
1166 853 35 21 for
1218 851 39 22 the

778 888 193 23 MECHANIC'S
987 886 166 24 INSTITUTE
1215 895 3 4 ■

672 916 41 22 has
723 919 38 19 not
776 916 55 22 been
849 914 139 24 overlooked.
1016 913 48 22 The
1078 912 110 28 township
1204 919 54 14 con-

674 944 50 21 sists
734 944 25 21 of
769 945 41 19 586
820 943 130 26 allotments,
962 942 26 21 of
999 940 73 23 which
1079 940 38 21 the
1126 940 132 26 proprietors

672 970 72 22 retain
759 977 41 15 one
816 969 51 22 half
877 970 22 20 in
918 969 55 21 their
989 974 50 16 own
1054 966 80 26 hands,
1146 966 45 22 and
1204 965 54 22 offer

744 997 34 21 for
787 996 44 22 sale
840 996 40 22 the
887 994 134 26 remainder,
1032 993 122 26 consisting

725 1031 53 20 283
793 1028 179 23 HALF-ACRE
988 1026 218 24 ALLOTMENTS.

672 1064 47 22 The
736 1064 126 22 allotments
876 1063 34 21 for
917 1076 3 3 ■
926 1062 45 22 sale
988 1060 46 23 and
1049 1067 87 14 reserve
1153 1067 55 14 were
1220 1059 37 22 de-

673 1091 65 22 cided
750 1091 31 26 by
797 1091 37 26 lot,
847 1090 45 22 and
908 1090 64 22 while
987 1089 38 21 the
1040 1087 134 27 proprietors
1190 1086 68 23 selec-

672 1118 39 22 ted
726 1118 57 21 their
800 1125 56 20 own,
868 1117 49 21 Mr.
928 1116 66 22 Park
1003 1114 65 22 chose
1078 1114 63 21 those
1152 1113 106 22 intended

672 1145 35 21 for
716 1145 53 26 sale,
780 1144 73 22 which
867 1151 36 14 are
920 1141 116 27 decidedly
1044 1140 73 22 better
1126 1147 29 15 on
1169 1147 28 14 an
1206 1147 52 15 ave-

672 1179 53 20 rage
736 1171 53 23 than
801 1171 63 21 those
873 1170 72 22 which
953 1170 36 21 the
997 1168 132 29 proprietors
1134 1166 58 23 have
1201 1167 57 23 been

755 1197 94 23 enabled
860 1201 22 18 to
891 1203 88 16 reserve
988 1197 37 21 for
1034 1194 142 22 themselves.

672 1232 65 22 THE
750 1232 117 21 WHOLE
882 1231 38 22 OF
934 1230 64 22 THE
1013 1227 160 23 PROCEEDS
1184 1227 25 22 of
1220 1227 37 23 the

926 1257 78 22 SALE

817 1285 46 24 will
872 1285 28 21 be
912 1282 115 30 expended
1039 1289 28 14 on
1075 1281 39 22 the

724 1318 235 24 IMPROVEMENT
974 1316 40 23 OF
1028 1316 64 21 THE
1105 1314 100 28 TOWN,

917 1344 44 23 and
975 1345 38 21 the

675 1380 236 23 CONSTRUCTION
929 1379 38 22 OF
984 1374 156 34 JVHARFS,,
1146 1377 110 27 QUAYS,

903 1412 5 3 '
943 1407 49 25 &c.,

674 1435 53 22 And
736 1435 45 22 will
789 1434 28 22 be
826 1433 110 28 managed
941 1429 50 26 'and
1004 1431 115 27 regulated
1129 1431 31 27 by
1169 1438 14 15 a
1192 1431 66 21 Com-

781 1462 75 21 mittee
867 1461 25 22 of
903 1467 66 16 seven
980 1458 119 27 consisting
1110 1458 51 21 of—

674 1497 69 21 Capt.
764 1494 151 27 DANIELL,
948 1493 49 22 Mr.
1027 1491 229 27 MOLESWORTH,

810 1522 49 21 Mr.
867 1521 95 26 WATT,
981 1526 46 16 and
1038 1519 84 21 FOUR

675 1553 22 18 to
707 1550 29 21 be
745 1549 85 22 elected
845 1549 30 26 by
884 1548 36 22 the
936 1547 131 28 purchasers
1081 1545 59 22 from
1157 1548 106 25 amongstr

819 1575 2 7 '
896 1574 140 22 themselves.
1173 1599 5 4 _
1257 1576 10 7 '

673 1604 49 21 The
736 1603 131 28 proprietors
882 1609 37 15 are
938 1600 111 22 confident
1067 1599 48 22 that
1134 1599 57 22 their
1209 1606 49 15 own

673 1631 104 21 interests
793 1629 44 22 will
853 1629 27 21 be
894 1635 61 15 more
973 1627 125 26 effectually
1114 1625 97 28 secured,
1228 1626 30 27 by

675 1658 124 26 sacrificing
818 1663 43 15 one
876 1655 49 22 half
943 1655 26 21 of
985 1653 57 23 their
1056 1653 97 21 sections
1171 1653 24 21 in
1214 1652 44 22 this

674 1684 72 27 mode,
752 1684 70 22 'while
832 1683 38 21 the
880 1681 129 28 purchasers
1020 1679 43 22 will
1072 1680 57 21 have
1142 1680 36 22 the
1188 1679 70 22 whole

673 1711 27 21 of
711 1711 36 21 the
756 1710 197 28 purchase-money
962 1706 106 24 returned
1079 1710 22 18 to
1112 1706 61 22 them
1183 1707 22 20 in
1215 1707 43 21 im-

672 1738 95 27 proving
829 1735 125 27 enhancing
969 1734 38 22 the
1022 1733 64 22 value
1103 1733 26 21 of
1141 1733 56 22 their
1207 1740 50 15 own

672 1768 111 24 property.

694 1792 53 22 .The
758 1791 70 22 whole
844 1791 26 21 of
881 1789 36 22 the
933 1788 55 22 land
1000 1787 20 21 is
1034 1787 107 28 perfectly
1156 1787 45 26 flat,
1214 1787 44 21 and

672 1818 38 22 the
726 1819 40 22 soil
783 1819 26 20 of
826 1818 37 21 the
878 1817 81 21 richest
974 1815 140 26 description,
1134 1814 63 21 while
1219 1814 38 21 the

671 1846 124 27 prevailing
809 1845 71 21 winds
895 1850 37 15 are
948 1848 69 16 never
1032 1849 23 13 so
1070 1841 86 21 violent
1171 1848 24 14 as
1204 1840 54 28 they

673 1880 37 14 are
720 1872 23 22 in
753 1872 38 21 the
801 1870 161 29 neighbouring
974 1868 101 22 districts.
1106 1867 89 23 Vessels
1207 1867 27 21 of
1244 1875 14 14 a

672 1900 61 26 large
748 1899 96 26 draught
859 1898 24 22 of
899 1901 68 17 water
981 1902 42 16 can
1038 1895 36 27 lay
1090 1894 112 27 alongside
1219 1894 37 22 the

672 1926 61 22 bank
741 1929 23 19 at
774 1926 30 21 all
813 1926 65 21 times
887 1924 25 21 of
923 1924 37 21 the
971 1922 52 26 tide,
1035 1929 22 14 as
1067 1922 62 22 there
1140 1923 18 20 is
1168 1929 13 13 a
1190 1921 67 28 depth

673 1954 26 21 of
710 1953 78 27 nearly
798 1953 50 21 four
857 1951 94 22 fathoms
960 1950 60 22 close
1029 1948 32 22 in.

671 1987 49 23 The
727 1986 147 23 Auctioneers
882 1985 73 23 would
965 1984 43 23 call
1015 1984 110 22 attention
1134 1986 23 19 to
1165 1983 36 22 the
1211 1983 47 22 fact

875 2013 25 21 of
907 2013 61 21 there
978 2011 73 26 being.

673 2049 21 21 A
718 2048 105 22 LARGE
848 2047 67 22 SAW
933 2046 81 23 MILL
1036 2045 154 22 ALREADY
1209 2045 48 22 ES-

874 2072 179 24 TABLISHED

672 2110 14 13 a
696 2102 60 21 short
767 2101 98 27 distanpe
879 2101 57 21 from
952 2100 37 22 the
1004 2099 106 22 intended
1123 2099 42 20 site
1181 2099 23 20 of
1219 2099 38 22 the

672 2129 79 27 Town;
773 2128 49 27 and,
844 2135 24 14 as
885 2128 36 21 the
941 2127 70 22 whole
1031 2126 23 21 of
1071 2126 39 21 the
1129 2125 129 22 allotments

740 2155 89 22 abound
837 2155 24 21 in
872 2161 76 20 groves
955 2154 26 21 of
988 2152 103 28 splendid
1101 2152 87 27 timber,

672 2189 64 23 THE
764 2188 164 22 PURCHASE
959 2186 115 24 MONEY
1101 2186 84 22 WILL
1217 2186 40 22 BE

745 2213 170 25 RETURNED
930 2212 86 25 WITH
1032 2213 154 25 INTEREST

671 2250 25 22 in
706 2257 13 14 a
727 2257 54 20 very
791 2249 62 22 short
861 2248 83 28 period,
955 2256 25 14 as
990 2254 59 16 sawn
1058 2247 82 22 timber
1149 2246 80 23 will-be
1244 2255 13 14 a

672 2276 69 28 staple
757 2276 75 21 article
849 2276 25 21 of
886 2278 76 25 export
972 2276 58 21 from
1042 2274 132 22 Manawatu
1183 2278 21 17 to
1220 2274 36 21 the

670 2304 69 26 ready
748 2303 87 22 market
845 2302 96 22 afforded
955 2303 31 27 by
995 2301 37 21 the
1042 2301 161 27 neighbouring
1213 2305 43 18 set-

671 2331 110 26 tlements,
800 2334 20 17 to
840 2329 73 22 which
927 2328 129 23 abundance
1077 2328 26 21 of
1119 2328 65 21 small
1201 2328 57 21 craft

670 2358 47 21 will
727 2362 21 17 at
756 2357 29 22 all
792 2357 64 21 times
866 2356 68 22 afford
943 2357 37 21 the
988 2362 76 16 means
1075 2355 26 21 of
1108 2361 147 21 conveyance.

671 2386 23 20 A
708 2387 63 24 great
783 2384 88 28 portion
886 2384 25 21 of
925 2384 37 21 the
981 2382 53 23 land
1053 2382 148 26 surrounding
1219 2382 37 22 the

670 2412 70 22 Town
749 2411 67 26 being
824 2412 24 20 in
857 2410 37 22 the
903 2411 124 31 possession
1037 2408 24 22 of
1072 2409 38 21 the
1121 2408 136 27 Proprietors

672 2439 26 21 of
705 2438 36 21 the
751 2438 126 27 Township,
887 2438 46 21 will
945 2438 28 21 be
985 2438 31 21 let
1027 2438 37 19 out
1074 2435 24 22 in
1108 2436 66 21 small
1188 2435 69 23 farms

672 2466 26 21 of
709 2466 57 21 from
776 2465 42 21 five
828 2468 23 18 to
867 2468 36 18 ten
917 2471 67 20 acres,
997 2470 30 15 on
1041 2470 53 20 easy
1103 2462 78 22 leases.
1208 2463 48 22 The

672 2492 85 22 district
765 2492 18 21 is
793 2492 37 21 the
839 2492 50 21 best
898 2492 47 21 that
953 2491 41 22 has
1001 2492 39 25 yet
1048 2490 57 21 been
1111 2489 67 27 given
1187 2492 38 19 out
1232 2490 24 22 in

862 2518 55 22 New
926 2516 100 24 Zealand
1034 2516 33 22 for

753 2552 246 23 AGRICULTURAL
1014 2550 162 27 PURPOSES,

884 2586 24 15 as
917 2579 50 22 well
977 2585 23 16 as
1009 2578 35 21 for

673 2613 147 23 GRAZING
850 2613 67 21 AND
949 2611 166 23 BREEDING
1145 2608 110 32 STOCK;

811 2640 67 22 AND
893 2638 103 24 DAIRY
1009 2638 107 22 FARMS

748 2667 72 27 might
832 2667 30 22 be
876 2667 84 21 carried
974 2673 30 15 on
1018 2665 54 22 with
1086 2673 94 14 success.

842 2701 71 21 SHIP
927 2699 160 23 BUILDING

671 2727 73 27 might
756 2728 46 21 also
813 2727 188 27 advantageously
1011 2727 27 20 be
1049 2725 140 28 established,
1200 2726 58 22 from

673 2755 39 21 the
729 2754 102 23 facilities
851 2754 96 22 afforded
966 2754 30 27 by
1013 2753 43 21 this
1069 2753 73 26 really
1157 2753 101 27 splendid

673 2782 65 26 river,
746 2782 45 21 and
800 2781 37 22 the
848 2781 84 28 quality
941 2781 27 22 of
974 2785 38 17 tne
1019 2779 82 22 timber
1107 2786 29 15 on
1143 2780 29 21 its
1181 2780 77 22 banks.

702 2808 22 22 It
732 2815 53 20 may
794 2808 27 21 be
832 2808 122 27 remarked,
971 2808 49 21 that
1030 2806 37 22 the
1077 2807 87 21 natives
1173 2807 85 22 neither

675 2835 87 28 dispute
772 2835 37 21 the
819 2836 59 21 titles
886 2839 22 18 to
921 2835 38 21 the
971 2833 63 27 land,
1049 2840 42 15 nor
1101 2833 28 21 do
1145 2833 52 27 they
1207 2835 53 21 offer

675 2869 44 20 any
729 2869 130 21 annoyance
870 2865 21 18 to
902 2862 93 21 settlers.

703 2895 51 22 Full
766 2895 131 28 particulars
912 2903 41 15 can
969 2895 28 22 be
1007 2894 104 22 obtained
1126 2901 29 14 on
1164 2894 96 28 applica-

674 2923 49 21 tion
741 2927 23 17 to
778 2923 37 21 the
833 2923 153 26 Auctioneers,
1003 2921 73 21 where
1092 2928 14 14 a
1115 2920 56 22 Plan
1186 2922 25 21 of
1223 2923 37 21 the

675 2949 118 27 Township
811 2949 25 22 of
847 2949 32 21 Te
895 2949 72 22 Marie
986 2955 42 15 can
1043 2948 27 21 be
1085 2955 61 15 seen.
1174 2948 51 27 Day
1239 2949 28 22 of.

676 2976 100 24 sale.will
791 2977 27 21 be
829 2975 104 29 specified
941 2976 25 21 in
975 2983 14 14 a
997 2974 74 22 future
1081 2975 178 23 advertisement.

704 3003 64 35 April
776 3012 33 24 22,
821 3010 61 22 1812.
1009 3028 3 4 .

703 3055 93 21 House
811 3056 56 20 and
880 3055 76 21 Land
971 3056 29 20 to
1014 3055 33 20 be
1067 3055 59 24 Let,
1144 3061 38 15 or.
1187 3056 44 20 the

839 3083 83 20 Lease
936 3084 30 18 to
981 3083 33 20 be
1030 3081 73 21 Sold.

678 3116 92 33 rpHE
784 3116 99 22 LEASE
898 3116 18 22 is
929 3116 36 21 for
976 3117 138 25 twenty-one
1123 3122 69 21 years,
1203 3116 58 23 from

684 3137 31 28 _L
752 3143 127 27 Christmas,
897 3144 59 26 1840,
975 3142 25 23 of
1014 3142 77 27 nearly
1101 3141 38 22 the
1154 3142 68 23 whole
1239 3144 25 22 of

677 3171 38 22 the
724 3171 70 22 Town
804 3171 59 21 Acre
873 3170 43 22 No.
925 3170 48 22 576.
1001 3169 47 21 The
1058 3176 52 14 acre
1119 3169 41 22 has
1170 3177 13 14 a
1190 3170 71 23 front-

678 3205 41 19 age
736 3198 26 21 of
776 3201 42 18 two
835 3197 75 22 chains
924 3196 44 23 and
984 3203 13 15 a
1011 3195 49 22 half
1075 3198 24 19 to
1115 3195 146 26 Hawkstcne-

677 3228 73 24 street,
762 3224 42 22 and
815 3224 41 21 lies
871 3224 25 21 in
912 3231 13 14 a
933 3222 110 23 sheltered
1051 3226 52 24 part
1112 3223 26 21 of
1148 3223 36 22 the
1194 3228 66 19 town.

677 3252 48 21 The
734 3249 71 24 whole
814 3251 27 21 of
852 3251 19 21 it
885 3251 40 22 has
933 3251 60 21 been
1000 3249 81 22 fenced
1089 3249 31 27 in,
1133 3250 44 22 and
1185 3251 18 22 is
1211 3259 50 15 now

677 3278 71 22 under
758 3278 136 27 cultivation,
901 3278 52 21 with
963 3278 38 21 the
1010 3277 96 27 promise
1117 3276 25 21 of
1150 3278 112 23 abundant

677 3312 62 21 crops
749 3305 25 22 of
784 3304 132 28 vegetables.
945 3305 22 22 A
977 3307 80 20 stream
1066 3310 55 16 runs
1133 3303 94 29 through
1235 3306 24 27 it,

677 3332 99 27 yielding
786 3339 28 14 an
825 3332 73 27 ample
907 3332 78 28 supply
995 3330 26 22 of
1035 3330 112 23 excellent
1161 3336 67 19 water
1237 3333 24 22 in

677 3359 38 22 the
725 3359 82 22 hottest
814 3365 98 16 summer
920 3359 104 22 weather.
1030 3381 3 6 )

705 3386 47 21 The
765 3385 114 27 buildings
896 3386 57 26 (now
969 3384 108 28 occupied
1091 3384 31 27 by
1129 3385 46 22 Mr.
1186 3386 75 23 Wick-

678 3413 71 27 steed)
762 3412 92 21 'consist
872 3412 25 21 of
913 3419 42 15 one
974 3412 26 22 of
1020 3410 132 28 Manning's
1174 3412 61 30 house
1235 3412 25 30 3,

677 3438 206 23 weather-boarded
890 3439 44 21 and
939 3439 50 22 well
997 3437 99 28 painted,
1102 3440 159 27 twenty-seven

677 3466 46 22 feet
732 3467 30 26 by
772 3464 108 28 eighteen,
892 3473 15 14 a
914 3465 92 22 kitchen
1015 3464 53 22 with
1082 3465 64 22 brick
1161 3468 101 27 chimney

679 3492 43 23 and
736 3499 63 19 oven,
816 3492 135 28 out-houses,
955 3515 3 6 ,
961 3491 96 29 pigsties,
1072 3492 118 28 cow-shed,
1200 3494 62 23 fowlr

678 3520 75 26 house,
771 3520 39 21 &c.
839 3518 71 23 There
927 3519 19 22 is
964 3520 45 21 also
1021 3525 13 14 a
1048 3518 130 24 substantial
1192 3522 71 22 maori

679 3550 94 24 cottage,
781 3545 54 22 with
840 3553 14 14 a
863 3545 103 28 chimney
971 3544 57 23 built
1037 3546 82 27 mostly
1123 3547 53 22 with
1181 3548 79 22 bricks.

677 3574 24 22 •A
719 3572 115 23 verandah
853 3576 102 19 connects
974 3571 37 23 the
1030 3571 110 29 principal
1162 3574 100 28 building

678 3600 53 23 with
741 3600 39 22 the
788 3599 91 22 kitchen
889 3600 45 21 and
942 3599 39 22 the
990 3598 70 22 maori
1070 3602 103 26 cottage.,

706 3628 47 21 The
769 3624 71 25 whole
853 3626 74 23 would
941 3626 29 22 be
986 3632 14 15 a
1014 3625 94 23 suitable
1124 3628 77 28 family
1209 3630 53 21 resi-

679 3654 77 28 dence,
774 3661 30 19 or,
819 3654 21 21 if
855 3653 67 22 taken
937 3660 30 15 on
986 3652 145 29 speculation,
1151 3655 71 27 might
1235 3656 26 22 be

804 3680 137 23 subdivided.
990 3678 5 5 '
1096 3690 3 4 •

679 3713 5 15 '.
706 3709 47 22 The
762 3708 59 21 lease
831 3708 42 22 will
892 3708 26 21 be
933 3706 55 28 sold,
1000 3713 25 14 or
1035 3706 44 23 the.
1087 3711 104 25 property
1199 3708 32 23 let
1241 3713 22 19 at

680 3743 13 14 a
701 3735 130 22 reasonable
842 3735 155 22 annuaLrent..
1019 3733 43 22 For
1079 3738 75 24 terms,
1165 3736 70 29 apply,
1240 3740 22 18 to

680 3762 91 22 Messrs.
781 3761 66 27 Hort,
859 3762 106 27 Mocatta,
976 3760 46 23 and
1037 3761 47 27 Co.,
1096 3768 24 15 or
1129 3761 50 27 Mr.',
1184 3762 79 23 Alfred

679 3789 105 22 'Ludlam.
840 3794 6 3 '
873 3797 4 3 •
1204 3797 4 3 •
1225 3788 16 14 *•'
1256 3797 3 6 '

833 3836 77 21 Land
926 3842 36 15 on
976 3835 44 21 the
1035 3835 78 20 Hutt.

681 3871 44 48 TOT
728 3871 20 21 O
764 3870 38 22 BE
816 3870 87 27 SOLD,
915 3878 12 14 a
936 3870 60 21 lease
1006 3868 26 21 of
1037 3867 38 22 the
1085 3868 89 23 Section
1184 3869 44 23 No.
1235 3871 28 21 24

756 3904 28 14 on
792 3897 38 21 the
838 3897 64 26 Hutt,
910 3896 55 28 with,
973 3903 14 14 a
995 3894 72 28 newly
1075 3895 89 22 erected
1171 3896 90 22 wooden

792 3924 37 22 the
950 3929 53 20 crop
1020 3928 27 15 on
1061 3922 39 21 the
1115 3922 92 29 ground,
1218 3924 45 21 and

681 3951 63 23 other
748 3953 178 26 improvements.
955 3950 44 21 For
1007 3951 67 19 terms
1079 3948 27 22 of
1109 3948 53 28 sale,
1169 3950 66 28 apply
1241 3954 22 18 to

907 3983 76 28 Hort,
999 3982 123 28 Mocatta,
1138 3983 44 22 and
1196 3984 38 22 Co.
1269 3977 2 27 I

1284 127 73 51 ON.
1361 126 118 26 'SALE—
1478 125 110 26 MAIZE,
1601 135 4 14 :
1649 141 5 7 ,
1684 141 5 2 -
1707 134 3 6 <

1349 154 110 26 Potatoes,
1470 152 58 22 from
1536 155 37 18 tne
1583 152 50 22 best
1640 151 106 25 Perwent
1755 150 59 21 seed.

1559 183 26 23 F.
1595 183 30 22 V.
1636 183 98 22 Martin
1744 181 47 23 and
1801 181 39 28 Co,

1771 208 33 22 Te
1813 209 54 20 Aro.

1425 257 54 20 For
1492 256 69 25 Sale,
1576 256 30 20 at
1620 253 104 22 Karori.

1301 291 16 19 A
1342 310 4 5 ,
1350 289 89 23 PIECE
1450 289 39 22 OF
1499 288 93 27 LAND,
1739 288 15 20 5
1764 293 69 20 acres,
1844 286 25 21 in

1361 316 54 24 this,
1422 316 95 27 district;
1537 318 50 25 part
1590 315 38 26 .of
1639 314 36 22 the
1692 314 90 21 Section
1801 312 69 29 lately

1283 343 52 23 Mr.i
1348 343 83 23 Yule's.
1466 343 75 22 Tefriis
1552 341 92 23 liberal.
1677 341 45 22 For
1739 339 130 30 particulars

1283 371 65 26 apply
1357 373 22 18 to
1428 369 67 27 Parlc,
1509 369 59 27 Esq.,
1683 376 6 5 v

1373 415 96 20 House
1485 415 53 20 and
1553 414 109 25 Garden
1676 414 29 19 to
1721 413 58 19 Let.

1284 448 71 21 nnH
1357 447 41 22 AT
1407 446 74 28 newly
1488 446 95 22 finished
1588 453 112 15 weather
1706 452 76 15 board
1789 451 80 19 house,

1291 468 30 29 JL
1357 474 97 22 situated
1516 474 84 21 Mount
1613 472 76 27 Albyn
1705 478 30 15 on
1751 470 39 22 tKe
1804 470 67 23 Tina-

1282 500 128 28 kora-road,
1428 500 83 22 distant
1523 499 58 22 from
1596 498 106 23 Barrett's
1717 497 73 22 Hotel
1805 497 66 22 about

1283 528 45 22 five
1348 528 96 22 minutes
1462 527 64 27 walk,
1611 526 58 21 from
1691 524 38 22 the
1753 523 73 23 beach
1848 526 23 19 at

1284 554 157 28 Jakawai-pah
1451 554 66 23 about
1529 553 69 22 three.
1631 552 51 24 ,The
1693 551 108 22 situation
1811 557 49 15 com
1861 562 11 13 r

1284 582 102 22 mandsA
1394 582 57 22 view
1461 580 27 22 of
1498 581 36 21 the
1544 580 73 22 whole
1634 578 103 23 Harbour
1752 578 46 21 and
1812 577 58 27 City.

1283 608 48 22 The
1341 608 68 22 liouse
1420 607 92 28 consists
1520 607 32 22 .of
1566 606 97 28 parlour,'
1676 609 43 19 two
1734 604 136 26 bed-rooms,

1284 634 97 28 kitchen,
1394 634 46 23 and
1450 634 105 22 servants'
1568 635 143 26 apartments,
1722 632 54 22 with
1787 631 85 22 several

1284 661 78 23 closets
1379 669 25 14 or
1422 661 95 28 keeping
1532 660 76 29 places
1615 668 9 20 ;>
1637 659 51 22 and-
1698 659 20 22 is
1727 658 145 28 particularly

1284 688 71 22 suited
1364 688 35 22 for
1409 696 14 14 a
1435 689 66 21 small
1514 688 85 28 family,
1619 693 25 16 or
1660 687 35 22 for
1710 689 49 20 two.
1771 693 25 14 or
1810 685 61 22 three
1881 708 1 5 ,

1282 722 76 20 young
1366 716 136 26 gentlemen.
1539 712 81 30 Apply'
1627 717 22 18 to
1663 714 46 21 Mr.
1726 712 144 26 Macdonald,

1284 745 24 17 at
1317 742 43 23 Kai
1500 744 21 19 to
1530 742 46 22 Mr.
1587 740 113 27 Brandon,
1708 740 109 22 Solicitor.
1881 742 1 6 '

1474 787 91 21 House
1581 787 30 19 to
1622 786 56 20 Let.

1283 820 53 49 A
1357 820 87 22 GOOD
1464 819 131 22 substantial
1613 818 74 28 house,
1708 818 54 21 with
1781 817 91 22 kitchen

1362 846 46 22 and
1418 846 135 26 out-houses,
1566 849 22 18 to
1598 846 32 21 let
1637 844 234 23 invManner's-street.

1284 872 45 22 For
1337 873 135 27 particulars,
1484 872 64 29 apply
1559 876 23 18 to
1594 872 43 22 Mr.
1649 872 121 21 Brewer's
1782 870 75 22 Office.

1421 919 87 19 Town
1526 917 35 21 of.
1568 917 168 21 Manewatu.
1754 929 5 4 .

1285 950 92 50 THE
1398 950 215 23 PROPRIETORS
1639 950 23 21 of
1688 949 38 22 the
1747 949 61 21 three
1823 949 49 22 first

1371 977 90 22 choices
1477 981 22 18 at
1509 978 36 21 the
1564 977 44 22 last
1623 976 106 22 selection
1740 976 26 21 of
1781 979 92 23 country

1284 1004 69 26 lands,
1367 1004 86 27 having
1472 1004 138 21 determined
1623 1010 61 20 upon
1756 1002 40 21 site
1810 1001 35 22 for
1860 1009 13 14 a

1298 1037 93 22 TOWN
1408 1037 45 22 ON
1467 1036 71 23 THE,
1547 1035 189 23 MANEWATU
1750 1035 107 27 RIVER,

1284 1072 141 23 aftevseveral
1433 1072 60 20 visits
1502 1074 21 18 to
1533 1070 37 23 the
1580 1069 188 28 neighbburoood,
1780 1069 47 22 and
1836 1069 37 22 the

1284 1102 59 18 most
1359 1098 87 23 careful
1464 1097 45 23 arid
1526 1097 85 22 minute
1632 1097 150 21 examination
1799 1097 24 20 of
1836 1097 37 20 the

1286 1126 69 21 entire
1371 1126 94 26 district,
1471 1140 5 3 -
1482 1124 65 23 aided
1562 1124 31 28 by
1601 1124 38 21 the
1655 1123 147 28 professional
1815 1123 57 27 skill,

1285 1152 138 28 knowledge,
1441 1174 4 8 (
1444 1152 44 22 and
1503 1152 131 28 experience
1649 1150 25 22 of
1684 1150 39 21 the
1739 1154 62 17 most
1814 1157 60 14 com-

1285 1183 76 23 petent
1368 1179 92 28 judges,
1475 1185 93 22 propose
1583 1181 24 18 to
1624 1178 52 21 offer
1687 1177 34 21 for
1737 1177 104 27 disposal,
1853 1181 22 17 at

1437 1206 38 22 the
1489 1209 88 25 present
1587 1206 60 25 time,
1658 1204 68 22 about

1285 1239 220 23 TWENTY-FIVE
1539 1238 107 26 ACRES,
1684 1237 37 22 IN
1759 1237 115 23 ALLOT-

1288 1266 114 27 MENTS,
1419 1266 86 23 EACH
1526 1265 38 22 OF
1590 1265 63 21 ONE
1673 1264 150 24 QUARTER
1837 1264 37 22 OF

1505 1292 43 22 AN
1564 1291 91 23 ACRE.

1312 1320 45 22 The
1368 1323 50 28 spot
1427 1320 51 22 thus
1488 1319 96 25 selected
1595 1325 110 22 possesses
1715 1317 38 23 the
1763 1321 58 19 most
1837 1326 38 14 ex-

1285 1347 84 23 tensive
1383 1347 102 27 frontage
1500 1349 22 19 to
1539 1346 56 27 deep
1607 1349 67 19 water
1689 1345 26 21 of
1726 1352 45 20 any
1787 1352 28 15 on
1839 1345 35 22 the

1286 1375 62 21 river.
1379 1374 22 22 It
1418 1374 20 22 is
1458 1373 95 22 situated
1568 1373 48 25 just
1629 1375 22 22 a.t
1666 1371 49 23 that
1733 1373 66 26 point
1817 1373 58 21 from

1347 1401 73 22 which
1430 1408 14 14 a
1454 1401 53 21 road
1518 1400 73 22 would
1601 1399 82 21 branch
1695 1399 34 21 off
1735 1404 23 17 to
1769 1399 37 21 the

1286 1436 93 14 WOODED
1403 1436 47 14 AND
1472 1434 97 15 FERTILE
1589 1434 117 14 DISTRICTS
1728 1434 76 14 ALONG
1829 1434 45 15 THE

1460 1462 54 14 BASE
1529 1462 26 14 OF
1566 1461 51 15 .THE
1632 1460 73 19 HILLS,

1286 1482 44 22 and
1342 1482 72 22 above
1423 1481 74 22 which
1507 1481 36 21 the
1558 1481 128 26 navigation
1701 1480 35 21 for
1746 1479 82 23 vessels
1837 1480 39 22 be-

1288 1516 72 15 comes
1371 1510 87 24 tedious,
1468 1509 23 24 if
1497 1511 36 18 not
1540 1509 97 25 difficult.
1667 1507 22 21 It
1696 1507 18 21 is
1722 1507 108 23 therefore
1838 1507 36 22 the

1446 1550 2 8 ■
1486 1536 61 27 point
1556 1535 74 21 where
1641 1534 36 22 the

1286 1570 88 22 LAND
1390 1570 70 22 AND
1475 1568 114 23 WATER
1604 1568 163 22 CARRIAGE
1782 1568 92 28 MEET,

1286 1603 45 22 and
1341 1603 73 22 where
1423 1610 14 14 a
1447 1603 68 21 Town
1533 1610 61 14 must
1610 1609 28 14 be
1653 1608 91 15 formed
1761 1601 66 22 when
1837 1601 38 22 the

1286 1630 85 21 district
1387 1629 19 22 is
1416 1630 92 21 settled.-
1533 1629 22 21 It
1563 1636 46 15 was
1620 1627 95 23 selected
1731 1629 31 26 by
1773 1628 36 21 the
1824 1629 52 21 Sur-

1287 1657 81 27 veying
1379 1657 59 21 Staff
1451 1664 23 14 as
1484 1656 37 22 the
1529 1655 138 23 rendezvous
1676 1655 37 21 for
1727 1654 59 22 their
1799 1655 61 27 body
1869 1663 5 19 ;

1286 1684 43 21 and
1340 1683 39 22 has
1388 1683 60 22 been
1459 1690 59 17 now.
1521 1682 78 28 found,
1611 1682 56 21 after
1678 1682 88 21 several
1781 1683 94 21 months'

1285 1710 105 27 location,
1402 1713 22 18 to
1439 1711 29 21 be
1477 1710 36 21 the
1524 1712 58 19 most
1597 1709 167 26 advantageous
1773 1709 102 27 position,

1287 1737 56 22 from
1359 1737 29 21 its
1404 1736 99 28 peculiar
1523 1736 86 27 facility
1625 1735 24 22 of
1660 1735 115 28 approach
1784 1735 53 22 both
1847 1736 29 27 by

1289 1763 53 22 land
1353 1763 45 22 and
1408 1767 74 18 water.

1319 1791 26 21 In
1356 1791 154 21 confirmation
1521 1789 24 22 of
1552 1789 38 22 the
1601 1788 130 28 superiority
1742 1789 26 21 of
1776 1789 43 21 this
1829 1792 48 25 spot

1286 1824 53 15 over
1347 1824 46 20 any
1403 1817 64 22 other
1475 1820 37 25 yet
1521 1817 91 26 known,
1625 1816 36 22 the
1672 1816 92 22 Messrs.
1773 1816 101 27 Kebbell,

1284 1844 57 22 after
1357 1843 38 22 the
1416 1844 150 21 examination
1582 1844 26 21 of
1616 1843 47 22 .the
1688 1842 60 23 river
1764 1843 58 21 from
1839 1843 37 22 the

1286 1871 89 22 Paneiri
1383 1871 49 22 Pah
1442 1874 23 18 to
1474 1871 28 22 its
1511 1870 85 27 mouth,
1608 1869 147 23 determined
1769 1877 28 15 on
1808 1874 69 18 erect-

1523 1898 39 25 ing
1575 1897 59 22 their
1658 1914 5 2 -

1285 1932 66 22 SAW
1365 1932 83 22 MILL
1468 1931 230 22 IMMEDIATELY
1713 1930 159 23 OPPOSITE.

1284 1959 49 22 The
1349 1959 84 21 works-
1440 1958 25 22 of
1480 1958 48 22 that
1545 1958 175 22 establishment
1739 1965 38 14 are
1797 1961 22 18 at
1835 1958 42 21 this

1284 1989 100 19 moment
1402 1986 24 21 in
1441 1986 64 26 rapid
1519 1992 108 21 progress,
1645 1986 44 21 and
1711 1984 39 22 the
1768 1985 108 27 proposed

1284 2013 69 22 Town
1362 2013 46 21 will
1418 2012 132 26 necessarily
1555 2013 94 26 partake
1654 2012 27 21 of
1686 2012 49 24 this,
1742 2011 130 27 advantage.

1312 2039 47 23 The
1378 2038 94 22 nucleus
1487 2038 24 22 of
1528 2046 12 14 a
1558 2038 70 22 Town
1644 2038 25 28 is,
1679 2038 24 22 in
1718 2039 54 26 fact,
1784 2038 90 28 already

1285 2066 95 25 created,
1389 2066 31 27 by
1430 2066 38 21 the
1479 2065 163 22 concentration
1658 2066 26 20 of
1698 2064 37 25 the
1747 2065 124 27 Surveying

1285 2093 56 22 Staff
1349 2100 29 14 on
1388 2093 50 21 that
1448 2095 54 24 spot,
1514 2099 23 14 as
1547 2092 38 21 the
1596 2095 73 19 centre
1685 2092 26 21 of
1721 2092 153 21 communica-
1881 2114 2 7 i

1284 2120 47 21 tion
1340 2123 23 18 to
1375 2119 38 22 the
1421 2118 149 27 surrounding
1580 2118 85 22 district
1670 2126 5 19 ;
1693 2118 37 22 the
1742 2118 97 22 erection
1849 2119 27 21 of

1285 2147 90 22 Messrs.
1387 2145 117 25 Kebbell's
1519 2146 49 21 Saw
1585 2145 62 22 Mills
1665 2146 97 27 opposite
1771 2153 5 19 ;
1793 2146 29 26 by
1836 2145 36 22 the

1285 2176 166 24 arrangements
1464 2172 34 22 for
1513 2179 29 15 an
1559 2172 112 22 extensive
1683 2172 100 21 General
1796 2172 61 21 Store
1865 2180 5 19 ;

1285 2201 46 21 and
1338 2201 30 26 by
1377 2200 38 22 the
1425 2199 44 22 late
1479 2199 133 28 application
1618 2199 32 21 for
1660 2206 14 14 a
1679 2198 111 23 Licensed
1796 2199 76 21 House

1284 2234 29 14 on
1322 2227 36 21 the
1366 2231 52 27 part
1428 2226 26 22 of
1465 2234 28 13 an
1503 2225 124 22 individual
1641 2226 48 21 who
1704 2226 48 27 has,
1764 2226 60 21 since
1835 2226 37 21 the

1284 2255 119 21 formation
1420 2254 27 21 of
1461 2253 37 21 the
1515 2253 91 32 Colony,
1622 2252 97 28 pursued
1735 2260 14 14 a
1768 2252 104 22 lucrative

1285 2281 62 21 trade
1357 2281 54 21 with
1420 2281 38 21 the
1468 2280 92 26 natives,
1573 2280 45 21 and
1629 2280 71 25 whose
1710 2280 132 26 knowledge
1851 2280 25 21 of

1284 2308 38 22 the
1333 2307 135 28 advantages
1479 2307 25 21 of
1510 2307 37 21 the
1557 2307 100 27 position,
1665 2306 120 28 prompted
1794 2306 46 22 him
1850 2309 24 19 at

1285 2342 55 15 once
1350 2339 23 17 to
1381 2335 75 27 prefer
1465 2333 48 23 that
1526 2334 141 27 application.

1312 2362 46 22 The
1368 2361 96 22 Natives
1478 2361 29 28 by
1517 2361 73 21 whom
1606 2361 42 21 this
1658 2360 55 22 land
1723 2367 46 15 was
1780 2360 94 22 claimed

1285 2396 37 14 are
1404 2387 109 29 prepared
1522 2391 21 18 to
1553 2387 51 28 give
1611 2395 29 20 up
1646 2388 133 27 possession,
1787 2388 44 21 and
1837 2395 37 14 are

1286 2415 146 28 exceedingly
1442 2415 93 22 anxious
1548 2418 22 18 to
1586 2415 57 21 have
1653 2422 13 14 a
1676 2415 120 28 European
1804 2422 71 20 popu-

1284 2443 70 21 lation
1364 2449 84 20 among
1459 2441 65 27 them,
1536 2441 86 28 having
1635 2441 57 22 been
1700 2448 62 21 upon
1772 2441 37 21 the
1818 2445 59 18 most

1284 2469 96 28 friendly
1385 2469 89 26 footing
1483 2469 52 21 with
1544 2468 38 22 the
1594 2469 126 29 Surveying
1730 2468 60 22 Staff
1795 2468 81 27 during

1273 2497 49 23 vthe
1331 2497 49 21 four
1390 2504 25 14 or
1423 2494 44 24 five
1477 2495 87 23 months
1572 2495 55 28 they
1645 2495 60 23 have'
1719 2496 58 22 been
1787 2495 89 22 located

1284 2524 68 22 there.

1312 2551 31 22 As
1353 2550 38 22 the
1400 2550 136 27 Proprietors
1545 2556 96 21 purpose
1649 2553 24 18 to
1684 2549 89 28 dispose
1784 2549 25 21 of
1815 2549 42 22 buf
1863 2556 13 14 a

1284 2578 84 22 limited
1383 2577 89 28 portion
1489 2577 25 21 of
1524 2577 39 21 the
1578 2577 68 22 Town
1662 2580 22 18 at
1702 2579 97 25 present,
1820 2577 52 26 they

1284 2605 78 27 pledge
1373 2604 132 22 themselves
1514 2604 54 27 that,
1580 2607 23 18 at
1613 2608 35 17 no'
1660 2603 73 22 future
1744 2603 64 26 sales,
1820 2603 57 22 shall

1288 2632 36 21 the
1334 2631 129 22 allotments
1472 2631 27 22 be
1508 2634 39 25 put
1554 2637 31 21 up
1595 2634 24 18 at
1627 2638 14 14 a
1649 2629 46 23 less
1705 2637 51 15 sum
1764 2631 55 21 than
1828 2638 49 14 now

1286 2659 89 21 offered.

1313 2687 21 21 A
1353 2686 134 27 Prospectus
1506 2684 46 22 and
1570 2684 57 23 Plan
1647 2685 26 21 of
1687 2684 37 22 the
1743 2684 70 22 Town
1831 2683 45 23 will

1285 2712 86 28 shortly
1380 2713 29 21 be
1417 2711 70 28 ready
1495 2711 35 22 for
1538 2711 124 28 inspection
1677 2714 23 19 at
1714 2711 38 22 the
1764 2710 80 23 Offices
1854 2711 25 22 of

1286 2740 89 21 Messrs.
1387 2739 71 21 Waitt
1467 2739 44 21 and
1519 2739 77 27 Tyser,
1608 2738 31 22 Te
1647 2739 56 21 Aro.

1314 2766 146 27 Wellington,
1472 2766 64 27 April
1544 2766 35 26 22,
1590 2767 61 21 1842.

1320 2812 195 20 Manewatu—
1517 2811 85 25 cheap
1617 2810 76 21 Land
1709 2810 43 21 for
1767 2810 67 20 Sale.

1288 2846 50 48 A
1354 2843 199 23 GENTLEMAN
1573 2843 82 27 having
1670 2843 100 23 selected
1789 2843 85 21 several

1367 2871 97 21 sections
1473 2871 23 21 in
1513 2878 42 14 one
1645 2872 25 20 in
1689 2870 39 22 the
1744 2870 132 22 Manewatu

1289 2899 96 26 district;
1409 2897 64 22 offers
1491 2901 22 17 to
1526 2897 49 21 real
1588 2897 133 26 cultivators,
1740 2904 91 20 persons
1853 2897 26 21 of

1289 2925 62 23 small
1368 2924 88 28 capital,
1468 2924 44 21 and
1528 2923 38 22 the
1583 2923 100 28 working
1700 2924 88 26 classes,
1800 2927 22 18 to
1832 2923 45 22 dis-

1288 2960 50 21 pose
1347 2951 25 22 of
1383 2951 38 22 the
1432 2958 66 19 same,
1508 2951 25 21 in
1543 2950 37 22 the
1590 2950 115 27 following
1714 2958 96 14 manner
1818 2958 5 14 :
1825 2962 29 4 —

1317 2979 20 22 It
1348 2979 20 21 is
1381 2978 111 28 proposed
1505 2981 23 18 to
1545 2978 139 27 appropriate
1699 2978 70 22 about
1783 2981 93 24 twenty-

1289 3006 42 22 five
1341 3012 63 15 acres
1413 3005 36 22 for
1458 3012 13 14 a
1481 3008 57 18 town
1549 3012 29 14 on
1588 3004 38 22 the
1641 3005 73 21 banks
1725 3005 25 21 of
1761 3004 38 22 the
1809 3005 65 27 river,

1290 3033 66 28 depth
1371 3032 26 22 of
1415 3033 39 21 the
1469 3036 67 18 water
1551 3032 62 21 three
1633 3031 44 23 and
1724 3031 51 22 half
1787 3035 22 17 to
1825 3032 51 22 four

1289 3060 96 22 fathoms
1401 3059 58 22 close
1474 3062 22 18 to
1512 3059 37 21 the
1565 3059 71 26 shore,
1651 3059 26 21 of
1688 3059 74 21 which
1778 3058 62 22 there
1857 3059 19 21 is

1289 3085 125 28 something
1427 3086 44 22 less
1486 3085 54 23 than
1550 3093 14 15 a
1580 3086 52 22 mile
1642 3086 23 21 in
1681 3086 78 27 length
1768 3094 5 19 ;
1789 3085 37 23 the
1842 3094 34 14 re-

1290 3113 98 22 mainder
1399 3113 26 22 of
1435 3113 38 21 the
1488 3113 53 22 land
1557 3116 23 19 to
1598 3113 27 21 be
1642 3113 91 22 divided
1749 3113 47 22 into
1811 3113 65 21 small

1289 3141 73 26 farms,
1375 3141 26 21 of
1411 3140 44 22 five
1465 3147 23 15 or
1498 3144 38 18 ten
1552 3148 64 14 acres
1632 3138 61 29 each,
1705 3147 68 20 every
1782 3139 94 28 purcha-

1289 3174 35 15 ser
1333 3167 25 22 of
1369 3167 44 22 five
1424 3174 61 15 acres
1494 3170 22 18 to
1526 3167 28 21 be
1571 3167 89 22 entitled
1671 3174 4 7 l
1678 3171 23 17 to
1712 3174 43 14 one
1766 3167 109 21 sixteenth

1291 3195 24 21 of
1327 3202 11 14 a
1348 3198 60 18 town
1479 3194 122 27 GRATIS,
1614 3194 44 22 and
1672 3201 24 15 so
1707 3200 35 16 'on
1752 3194 24 22 in
1786 3200 90 21 propor-

1290 3222 52 21 tion.
1412 3236 22 6 ...
1463 3240 6 7 ,

1317 3249 82 26 Spaces
1411 3247 47 22 will
1467 3247 33 22 .be
1514 3247 42 22 left
1569 3248 38 21 for
1623 3247 138 22 ornamental
1776 3254 97 21 squares,

1289 3276 86 21 market
1383 3275 83 27 places,
1477 3282 75 20 quays,
1562 3274 75 28 places
1645 3275 35 21 for
1688 3275 76 27 public
1775 3275 98 27 worship,

1289 3302 73 28 public
1376 3301 120 28 buildings,
1508 3302 40 21 &c.
1637 3309 3 4 •
1675 3306 4 3 '

1294 3339 4 8 t
1317 3329 46 22 The
1372 3328 58 22 land
1437 3328 19 21 is
1466 3329 25 21 of
1500 3329 38 20 the
1549 3336 55 19 very
1613 3328 47 21 first
1675 3327 94 28 quality,
1780 3328 97 22 watered

1289 3356 31 28 by
1328 3355 65 22 small
1402 3358 97 25 streams,
1510 3355 70 27 finely
1587 3355 111 22 timbered
1706 3355 25 21 in
1748 3356 75 25 places
1831 3355 46 22 and

1290 3386 57 24 parts
1358 3382 90 27 already
1459 3382 93 26 cleared,
1563 3381 47 22 and
1625 3382 17 21 is
1658 3381 155 28 immediately
1823 3389 54 14 con-

1291 3410 86 27 tiguous
1394 3413 22 18 to
1432 3409 37 20 the
1485 3409 56 21 lines
1558 3409 25 21 of
1601 3408 38 21 the
1655 3409 50 20 best
1719 3409 77 27 public
1811 3409 66 22 roads

1293 3436 90 27 leading
1392 3439 23 18 to
1425 3435 54 22 Port
1488 3435 131 22 Nicholson.

1318 3463 57 22 Cash
1384 3466 124 24 payments,
1518 3462 55 21 with
1580 3462 38 21 the
1628 3461 118 28 exception
1757 3461 26 22 of
1789 3469 14 14 a
1813 3462 64 22 small

1291 3490 90 28 deposit,
1392 3489 47 22 will
1447 3492 39 18 not
1495 3489 27 22 be
1535 3488 110 28 required,
1656 3489 41 21 but
1712 3489 111 27 approved
1838 3496 37 15 ac-

1293 3520 115 25 ceptances
1417 3516 94 28 payable
1521 3520 22 17 at
1554 3523 12 14 a
1576 3516 53 26 long
1639 3516 50 21 date
1707 3522 25 15 or
1742 3516 64 21 other
1815 3523 63 15 secu-

1290 3544 59 22 rities
1360 3550 26 15 or
1401 3542 130 23 LABOUR'
1542 3542 46 23 will
1596 3557 5 6 >
1605 3543 25 20 be
1640 3542 69 21 taken
1717 3550 31 19 ;as
1762 3547 114 23 payment.

1291 3571 70 22 There
1362 3586 6 7 r
1371 3570 45 21 will
1427 3570 28 21 be
1465 3577 29 14 no
1510 3569 42 22 law
1569 3569 91 27 charges
1674 3569 35 22 for
1726 3570 38 21 the
1780 3577 97 21 convey-

1292 3605 65 15 ances
1375 3597 26 22 of
1416 3597 40 21 the
1473 3600 112 24 property,
1602 3596 129 22 immediate
1752 3598 125 26 possession

1291 3624 42 26 wijl
1344 3625 27 21 be
1380 3624 68 26 given
1464 3626 21 19 to
1499 3624 39 21 the
1551 3623 120 27 purchaser
1686 3624 46 21 and
1748 3631 81 21 money
1838 3624 40 22 ad-

1291 3651 85 22 vanced
1385 3651 24 24 if.
1416 3649 110 28 required.

1318 3678 47 23 The
1376 3678 126 27 Proprietor
1510 3677 89 22 intends
1615 3680 21 19 to
1651 3677 73 22 reside
1742 3685 28 14 on
1781 3677 36 23 the
1826 3685 51 21 pro-

1291 3709 62 24 perty
1352 3721 8 16 ;
1371 3704 47 22 and
1427 3704 88 28 pledges
1523 3704 92 22 himself
1621 3708 21 18 to
1653 3704 97 28 employ,
1761 3704 121 26 whenever,

1290 3731 141 29 practicable,
1443 3730 50 28 only
1503 3731 62 22 those
1581 3731 49 22 who
1647 3739 38 14 are
1700 3732 90 22 located
1801 3739 28 15 on
1839 3732 38 22 the

1318 3784 194 30 Application.will
1526 3785 28 22 be
1570 3784 66 23 made
1651 3788 23 19 to
1689 3785 39 23 the
1740 3785 137 28 -Legislative

1292 3812 91 23 Council
1392 3812 36 22 for
1438 3819 28 14 an
1476 3813 45 21 Act
1529 3817 23 17 to
1561 3812 99 27 regulate
1671 3812 38 23 the
1719 3813 117 29 township.

1292 3856 8 5 .
1319 3840 33 31 By
1362 3839 39 22 the
1411 3839 70 22 above
1498 3844 156 24 arrangement
1662 3840 38 21 the
1710 3847 108 20 expenses
1828 3840 25 22 of
1864 3847 14 14 a

1290 3862 73 32 public
1372 3866 46 22 sale
1428 3865 44 23 will
1482 3866 26 21 be
1517 3866 102 27 avoided,
1630 3867 45 22 and
1686 3866 38 23 the
1734 3866 55 22 land
1795 3867 44 22 will
1850 3867 27 22 be

1282 3892 113 26 .-obtained
1404 3896 24 19 at
1442 3900 14 14 a
1470 3893 66 22 lower
1552 3896 47 19 rate
1615 3892 53 23 than
1684 3894 37 21 the
1738 3893 89 28 usually
1832 3905 3 4 -
1842 3901 35 14 re-

1291 3920 78 23 served
1378 3920 61 28 price
1448 3922 24 19 at
1480 3927 30 14 an
1525 3921 96 22 auction.
1635 3940 4 4 ,
1650 3920 158 28 Applications
1818 3925 21 18 to
1850 3920 27 22 be

1291 3945 64 26 maHe
1380 3950 23 19 to
1425 3947 45 22 Mr.
1484 3946 34 27 ,J.
1543 3946 35 23 M.
1602 3947 87 27 Taylor,
1714 3947 34 23 Te
1766 3947 54 28 Aro,
1848 3947 29 29 by

1291 3975 71 22 whom
1371 3974 12 22 f
1383 3972 75 30 urtjier
1467 3973 130 29 particulars
1607 3974 44 22 will
1659 3974 33 22 be'
1697 3972 123 25 furnished.
