2540 4039
853 66 810 74 SUPPLEMENT

1165 185 69 34 TO
1260 184 106 35 THE

64 246 208 59 NEW
298 247 427 57 ZEALAND
757 251 408 55 GAZETTE
1196 251 58 56 &
1273 249 628 60 WELLINGTON
1921 252 544 57 SPECTATOR.

63 380 140 36 Gratis
223 390 47 23 to
287 378 290 46 Subscribers.]

703 379 141 35 PCXRT
866 381 317 42 NICHOLSON,
1210 383 293 42 SATURDAY,
1531 385 158 34 APRIL
1714 388 51 38 30,
1794 387 102 32 1842.

2004 386 390 46 [Non-Subscribers,
2416 390 59 31 Is.'

694 496 96 28 Alleged
809 501 23 19 to
839 515 3 4 ,
851 498 56 22 have
927 499 56 21 been
999 500 123 27 purchased
1140 500 59 22 from
1217 500 44 22 the'

666 522 83 23 Native
761 524 75 23 Chiefs
846 525 70 27 Rangi
929 526 59 22 Eroa
1004 526 130 27 and-Ngati
1148 527 64 26 Awa,
1232 527 24 21 in

666 550 60 21 June
735 552 62 21 1838.

694 577 174 28 Consideration,
879 578 158 22 merchandize
1046 581 24 20 to
1079 580 38 21 the
1129 582 92 20 amount
1232 580 26 22 of

665 602 63 24 £110
737 604 101 27 sterling.

693 629 87 22 Nature
789 631 27 21 of
827 638 137 20 conveyance
966 642 27 5 —
993 634 40 19 not
1042 632 80 22 stated.

693 656 56 21 Case
773 658 40 21 106
823 668 28 4 —
858 657 112 26 William
992 658 62 22 .Hay
1078 659 44 21 and
1141 659 112 23 William

663 682 110 27 Wright,
783 683 56 23 both
847 684 23 21 of
882 684 96 27 Sydney,
990 686 117 21 claimants.
1117 700 4 5 ,

693 708 40 23 All
741 709 49 22 that
799 710 54 22 land
863 710 83 23 known
955 710 30 29 by
995 712 39 22 the
1043 720 67 14 name
1121 713 27 21 of
1158 713 96 23 Winewi

662 735 96 28 -Tapupa
764 744 6 19 ;
785 736 104 23 bounded
903 745 29 14 on
947 738 39 22 the
996 733 67 27 south
1075 740 32 27 by
1116 740 38 21 the
1173 740 80 28 Rocky

665 762 132 23 Settlement
803 771 6 20 ;
827 767 24 19 to
858 764 37 22 the
905 768 54 19 west
973 765 31 28 by
1013 766 81 22 Cook's
1106 766 83 28 Straits,
1208 767 45 21 and

664 789 124 28 extending
805 790 70 28 along,
884 791 38 22 the
937 799 38 14 sea
988 796 63 18 coast
1066 796 22 18 to
1105 793 66 21 Ower
1185 794 68 22 about

663 815 44 22 five
717 816 74 28 miles;
803 817 122 27 extending
933 818 80 23 inland
1019 820 68 22 about
1092 823 83 24 twenty
1180 820 71 23 miles.

665 842 118 28 (Contents
791 847 39 19 not
839 841 85 31 stated}
935 844 7 5 '

691 869 100 28 Alleged
798 875 22 18 to
829 872 55 21 have
889 872 58 21 been
955 873 126 27 purchased
1089 874 31 27 by
1128 873 38 22 the
1176 874 77 22 claim-

664 899 49 19 ants
719 897 25 22 in
753 897 101 29 October,
862 900 62 25 1839,
933 898 135 30 fromEako,
1077 901 110 27 principal
1194 901 62 22 chief

664 923 27 22 of
696 923 45 30 the_
745 924 115 23 Natti-ava
870 926 63 21 tribe.

692 950 171 28 Consideration,
870 952 89 22 various
965 954 88 22 articles
1058 954 26 22 of
1086 954 164 28 merchandize,

663 976 66 23 value
740 981 40 19 not
788 979 78 22 stated.

691 1004 87 22 Nature
796 1006 25 21 of
833 1013 168 20 conveyance—
1002 1008 66 22 Deed
1082 1008 26 22 of
1118 1008 132 27 Feoffment,

664 1030 67 23 dated
740 1031 40 22 9th
788 1033 27 21 of
822 1033 101 27 October,
934 1035 61 21 1839.

691 1058 56 21 Case
757 1058 43 23 No.
811 1061 39 20 106
860 1060 69 26 (a.)—
929 1060 99 22 William
1039 1061 53 28 Hay
1101 1061 46 23 and
1153 1061 99 23 William

663 1084 97 27 Wright,
771 1084 56 23 Both
834 1087 23 21 of
863 1087 97 27 Sydney,
972 1089 116 21 claimants.

691 1112 40 21 All
741 1112 48 21 that
797 1113 53 22 land
858 1114 80 21 known
945 1114 30 27 by
981 1115 37 21 the
1026 1122 66 14 name
1101 1115 26 21 of
1134 1115 119 22 Munarow

663 1137 85 22 Tawite
755 1147 6 18 ;
776 1139 104 22 bounded
893 1143 24 19 to
928 1140 37 22 the
974 1141 67 22 north
1050 1142 31 27 by
1089 1142 99 22 Thomas
1197 1141 56 23 Edi-

663 1165 57 21 son's
728 1165 74 22 called
813 1166 125 22 Koriveieai
947 1168 123 27 extending
1079 1169 68 26 along
1157 1168 37 22 the
1205 1176 47 14 sea-

663 1194 62 19 coast
731 1195 23 18 to
762 1192 127 29 Papeneivi;
902 1194 121 28 extending
1028 1195 77 22 inland
1111 1195 62 27 eight
1180 1195 71 22 miles.

665 1218 118 26 (Contents
792 1223 40 18 not
842 1220 86 27 stated.)

691 1244 96 28 Alleged
797 1250 23 18 to
827 1246 55 22 have
891 1247 57 22 been
955 1249 126 25 purchased
1089 1249 32 26 by
1130 1249 37 21 the
1175 1248 78 22 claim-

663 1275 50 18 ants
731 1272 24 21 in
779 1272 133 28 November,
933 1274 62 27 1839,'
1013 1275 59 22 from
1091 1275 160 27 Rangitukero,

664 1296 62 23 chief
734 1298 26 21 of
766 1298 37 22 the
815 1300 60 21 Natti
885 1300 55 21 Tom
943 1308 13 14 a
966 1302 62 20 tribe.

692 1324 171 29 Consideration,
873 1327 89 21 various
969 1328 86 22 articles
1061 1329 26 21 of
1088 1328 163 27 merchandize,

665 1350 64 22 value
741 1354 40 18 not
788 1353 77 21 stated.

693 1377 87 22 Nature
795 1379 26 21 of
835 1387 138 19 conveyance
974 1391 28 4 —
1002 1381 66 21 Deed
1084 1382 25 20 of
1129 1382 124 20 Feoffment

662 1406 24 19 to
698 1404 124 26 claimants,
835 1405 63 22 dated
905 1406 184 28 6tlrNovember,
1102 1409 61 20 1839.

691 1430 56 22 Case
758 1431 42 22 No.
813 1434 39 20 106
860 1433 69 26 (i.)—
930 1433 99 22 William
1040 1434 52 27 Hay
1100 1434 46 22 and
1154 1434 99 22 William

664 1456 95 28 Wright,
770 1458 55 22 both
835 1460 22 21 of
863 1460 98 27 Sydney,
973 1463 114 19 claimants.

691 1484 39 21 All
738 1484 50 22 that
797 1486 59 26 piece
866 1494 25 14 or
900 1488 75 26 parcel
985 1489 26 21 of
1020 1488 55 22 land
1084 1488 84 22 known
1215 1488 38 21 the

665 1517 66 15 name
749 1512 26 21 of
788 1513 78 27 Otatei,
883 1521 28 14 on
928 1514 38 21 the
983 1516 71 20 north'
1064 1514 77 22 Island
1157 1516 26 20 of
1197 1516 56 20 New

665 1538 107 21 Zealand.
788 1540 145 26 (Boundaries
943 1541 46 22 and
1000 1545 101 19 contents
1110 1545 42 18 not
1161 1542 88 26 stated.)

691 1565 96 27 Alleged
797 1570 22 17 to
830 1566 54 23 have
894 1568 57 21 been
962 1569 125 26 purchased
1097 1569 30 26 by
1134 1569 119 21 claimants

665 1591 23 22 in
699 1592 104 28 October,
820 1595 57 26 1839,
888 1594 58 22 from
957 1595 138 27 Walcruewi,
1107 1596 63 21 chief
1181 1596 23 22 of
1215 1596 38 21 the

665 1618 57 21 tribe
732 1619 23 21 of
765 1619 154 23 Notterocooa.

693 1646 173 28 Consideration,
874 1648 90 22 various
969 1649 87 22 articles
1062 1649 25 22 of
1089 1649 163 27 merchandise,

665 1672 65 21 value
740 1677 40 17 not
789 1674 76 22 stated.

693 1699 87 22 Nature
800 1701 26 21 of
838 1709 138 19 conveyance
978 1714 27 3 —
1007 1703 65 22 Deed
1089 1703 26 21 of
1130 1703 125 23 Feoffment

667 1729 22 18 to
700 1726 116 23 claimants
827 1728 64 22 dated
900 1729 45 21 2nd
957 1729 104 27 October,
1073 1731 61 21 1539.

694 1753 56 22 Case
761 1754 42 22 No.
816 1756 112 26 117.(c)—
929 1756 61 22 John
1001 1757 109 27 Hosking,
1123 1757 26 22 of
1157 1757 95 28 Sydney,

666 1780 123 27 merchant,
800 1783 96 20 claimant
905 1784 89 25 injwt.

694 1807 39 21 All
744 1807 48 22 that
798 1809 52 22 land
856 1810 80 21 known
947 1811 29 26 by
982 1811 38 21 the
1028 1818 66 14 name
1103 1811 25 21 of
1136 1811 116 26 Porerooa,

736 1834 37 21 the
783 1836 64 21 rocks
860 1844 60 19 upon
931 1837 38 21 the
980 1837 57 23 N.E.
1049 1837 46 22 side
1106 1838 26 20 of
1148 1837 37 22 the
1196 1838 58 22 river

668 1861 106 27 Poreooa,
789 1863 70 21 called
868 1864 117 27 Kicketoa,
1004 1865 127 21 north-east
1144 1865 30 26 by
1187 1865 66 21 north

668 1887 68 28 thirty
751 1889 69 27 miles,
837 1890 43 22 and
893 1891 19 21 is
929 1891 103 21 bounded
1046 1895 23 17 to
1080 1891 37 21 the
1133 1895 47 18 east
1195 1892 32 27 by
1241 1899 13 14 a

666 1921 70 20 range
752 1916 26 21 of
788 1924 73 19 snowy
872 1919 125 21 mountains
1004 1926 4 18 ;
1028 1923 22 16 to
1068 1918 36 22 the
1121 1918 65 22 south
1200 1919 31 27 by
1239 1925 14 15 a

666 1949 68 19 range
747 1942 26 21 of
783 1942 50 22 hills
842 1945 59 21 three
913 1945 63 21 miles
986 1945 58 21 from
1055 1945 51 21 Port
1122 1945 129 26 Nicholson,

667 1975 60 20 upon
739 1969 37 21 the
791 1970 128 22 south-west
926 1971 47 21 side
981 1972 26 20 of
1013 1971 38 22 the
1060 1972 69 21 River
1135 1972 125 27 Porerooa,,

657 1996 32 19 'to
700 1995 64 22 Teeti
774 1996 47 27 Bay
829 2004 6 20 ;
846 1997 54 21 from
908 1997 63 21 Teeti
981 1998 48 26 Bay
1036 1998 125 21 south-east
1169 1998 32 27 by
1208 2003 47 18 east

666 2024 22 18 to
707 2021 38 22 the
762 2024 65 20 south
851 2024 82 21 branch
950 2024 25 21 of
996 2024 38 22 the
1051 2025 111 21 Porerooa
1179 2025 74 23 River.

668 2048 117 26 (Contents
795 2054 40 16 not
844 2050 87 27 stated.)

695 2075 97 27 Alleged
802 2080 23 18 to
837 2077 53 21 have
907 2077 57 21 been
974 2078 124 26 purchased
1112 2078 26 22 in
1149 2078 103 28 October,

668 2103 59 25 1839,
747 2103 57 21 from
824 2104 69 27 Rangi
912 2104 58 27 Ako,
996 2105 74 27 Rangi
1089 2105 70 26 Hero,
1180 2107 73 26 Rangi

668 2128 70 27 Hitei,
762 2130 115 28 Rupterra,
896 2131 53 26 Aki,
975 2131 71 28 Erow,
1068 2133 95 26 Arungi,
1188 2134 65 25 Eovi,

666 2155 94 27 Epokie,
782 2157 68 22 chiefs
867 2158 26 21 of
909 2157 37 22 the
967 2158 122 28 Natti-ava,
1114 2159 46 22 and
1180 2161 73 21 Caffea

667 2184 74 25 tribes,
752 2180 30 35 by
793 2185 43 21 Mr.
852 2184 112 29 William'
964 2184 57 29 Hay,
1038 2186 49 22 who
1103 2186 50 23 sold
1167 2194 13 14 a
1190 2187 63 22 tenth

666 2213 49 23 part
725 2210 26 21 of
757 2210 34 22 his
800 2212 90 24 interest
900 2215 22 18 to
931 2211 114 23 claimant.

695 2237 167 23 Consideration
862 2250 28 3 —
890 2239 25 21 in
930 2241 37 19 the
985 2240 47 21 first
1047 2240 109 28 instance,
1168 2241 86 21 various

668 2264 88 21 articles
766 2265 26 21 of
797 2265 162 27 merchandize,
971 2268 23 20 to
1004 2267 42 28 the_
1051 2272 94 17 amount
1159 2268 24 21 of
1194 2269 60 22 £378

668 2290 91 28 sterling
766 2291 37 22 for
813 2293 34 21 the
854 2293 70 21 entire
930 2291 116 29 purchase^
1055 2294 46 22 and
1106 2295 49 23 £40
1160 2294 23 22 in
1194 2295 58 25 cash,

668 2318 45 20 and
722 2318 71 26 goods
802 2319 70 22 stated
887 2323 24 17 to
927 2319 57 22 have
1002 2320 58 22 been
1074 2322 61 21 since
1150 2322 66 26 given
1231 2325 22 18 to

668 2344 37 21 the
714 2345 88 22 natives
811 2347 29 27 by
850 2346 110 22 claimant.

695 2371 86 23 Nature
792 2373 26 21 of
829 2380 140 20 conveyance
970 2384 29 5 —
1000 2374 124 22 Indenture
1141 2375 25 21 of
1182 2375 72 22 Feoff-

667 2401 62 19 ment
740 2403 21 17 to
772 2399 44 23 Mr.
828 2401 56 26 Hay,
896 2400 68 22 dated
973 2401 39 22 9th
1021 2402 105 26 October,
1138 2403 61 21 1839.

696 2425 56 22 Case
769 2426 44 22 No.
830 2429 35 20 US
886 2427 61 27 (a;—
949 2427 60 23 John
1027 2429 70 27 Terry
1112 2428 102 28 Hughes,
1232 2429 24 21 of

668 2452 91 27 Sydney
769 2454 120 27 merchant,
901 2456 98 20 claimant
1007 2457 22 19 in
1035 2458 59 24 part.

695 2479 39 22 All
743 2480 47 22 that
795 2481 52 22 land
856 2481 80 23 known
945 2483 31 26 by
983 2483 38 21 the
1030 2490 65 14 name
1104 2483 26 21 of
1136 2483 117 26 Porerooa,

667 2506 57 22 from
735 2507 39 21 the
783 2508 64 22 rocks
859 2516 61 20 upon
931 2509 37 21 the
986 2510 124 21 north-east
1126 2509 46 22 side
1183 2511 26 21 of
1216 2510 37 22 the

668 2533 70 22 River
748 2534 106 23 Porerooa
863 2535 73 23 called
946 2535 132 28 Kicketooa,
1090 2537 125 21 north-east
1225 2537 29 27 by

668 2561 68 21 north
745 2563 28 19 30
781 2561 68 28 miles,
859 2563 46 21 and
914 2563 19 21 is
941 2563 105 22 bounded
1058 2571 28 14 on
1098 2563 38 22 the
1146 2568 47 17 east
1202 2565 30 26 by
1241 2572 14 13 a

668 2594 70 21 range
755 2588 25 21 of
793 2596 72 21 snowy
877 2589 140 28 mountains;
1034 2595 22 17 to
1071 2590 38 22 the
1126 2591 66 21 south
1202 2591 30 27 by
1241 2599 14 13 a

667 2622 71 19 range
748 2615 26 21 of
781 2615 51 23 hills
840 2617 60 21 three
911 2617 63 21 miles
985 2618 56 21 from
1053 2618 53 21 Port
1122 2617 131 28 Nicholson,

668 2649 59 20 upon
740 2641 36 23 the
787 2643 128 22 south-west
924 2643 47 22 side
983 2645 24 20 of
1014 2645 39 20 the
1063 2645 70 22 River
1145 2644 110 22 Porerooa

668 2672 23 18 to
706 2669 66 22 Teeti
790 2669 57 28 Bay;
865 2671 57 21 from
940 2671 65 21 Teeti
1021 2671 48 28 Bay
1086 2671 127 22 south-east
1226 2672 30 27 by

668 2699 47 19 east
724 2699 24 19 to
758 2696 37 22 the
805 2697 82 22 branch
898 2697 27 22 of
930 2697 37 22 the
978 2698 110 22 Porerooa
1094 2698 77 22 River.
1187 2699 68 26 (Con-

668 2726 58 19 tents
737 2728 41 17 not
787 2725 87 26 stated.)
929 2729 7 7 v

696 2750 98 27 Alleged
804 2755 23 18 to
835 2751 55 22 have
906 2751 58 22 been
973 2752 124 27 purchased
1108 2752 26 21 in
1150 2752 103 27 October,

669 2779 59 25 1539,
750 2779 58 20 from
827 2779 73 27 Rangi
920 2779 58 26 Ako,
999 2779 75 27 Rangi
1093 2779 70 26 Hero,
1180 2780 75 26 Rangi

669 2805 71 26 Hitei,
761 2805 114 27 Rupterra,
893 2805 54 27 Aki,
963 2806 93 27 Arangi,
1077 2806 64 26 Eovi,
1161 2806 92 28 Epokie,

669 2832 71 21 chiefs
755 2832 26 21 of
795 2831 38 23 the
850 2832 118 22 Natti-ava
987 2832 46 23 and
1049 2833 77 22 Caffea
1140 2833 74 27 tribes,
1227 2834 28 26 by

670 2859 45 21 Mr.
727 2859 100 22 William
837 2859 57 28 Hay,
906 2859 50 23 who
966 2860 48 22 sold
1025 2867 13 14 a
1053 2860 61 22 tenth
1126 2863 50 25 part
1183 2861 27 21 of
1221 2860 34 23 his

668 2886 95 21 interest
772 2886 140 23 toclaimant.

696 2913 174 27 Consideration,
886 2914 23 21 in
929 2913 38 22 the
982 2914 48 21 first
1042 2914 108 27 instance,
1167 2915 88 22 various

670 2940 89 22 articles
769 2940 26 21 of
805 2940 152 23 merchandize
972 2944 22 19 to
1009 2941 38 22 the
1059 2946 93 17 amount
1161 2942 26 21 of
1195 2942 60 24 £378

669 2966 98 28 sterling,
787 2967 38 22 for-
835 2967 36 22 the
886 2968 69 21 entire
975 2968 116 27 purchase,
1109 2968 46 22 and
1172 2969 48 22 £40
1232 2969 22 21 in

670 2994 59 26 cash,
741 2993 44 22 and
793 2994 67 27 goods
870 2994 73 22 stated
952 2997 23 18 to
986 2994 56 23 have
1053 2995 56 22 been
1119 2995 61 22 since
1190 2996 66 27 given

670 3024 23 18 to
703 3020 38 22 the
751 3021 86 22 natives
846 3022 28 26 by
884 3021 112 22 claimant.

696 3048 87 21 Nature
799 3048 27 21 of
838 3055 140 19 conveyance
978 3059 29 5 —
1008 3048 123 22 Indenture
1145 3049 27 21 of
1185 3050 72 22 Feoff-

669 3078 62 18 ment
740 3078 22 18 to
773 3074 45 23 Mr.
898 3074 68 22 dated
974 3076 39 21 9th
1023 3076 106 26 October,
1141 3078 60 21 1839.

697 3102 56 21 Case
761 3101 44 22 No.
816 3103 43 21 125.
860 3113 29 4 —
890 3102 60 22 John
964 3102 77 27 Jones,
1053 3102 25 22 of
1086 3102 97 28 Sydney,
1196 3103 60 22 Mer-

670 3128 74 28 chant,
765 3129 45 21 and
830 3128 89 23 Francis
939 3129 70 22 Owen
1034 3129 113 28 Leathart,
1172 3130 90 22 Master-

670 3156 108 26 Mariner,
789 3157 97 20 claimant
896 3158 89 24 inpart.

698 3184 82 26 16,000,
792 3184 87 21 Sixteen
888 3184 113 22 thousand
1010 3191 69 19 acres,
1094 3191 63 14 more
1168 3191 24 15 or
1204 3185 51 27 less,

669 3209 68 27 being
747 3210 31 21 all
787 3210 48 21 that
843 3214 48 24 part
900 3217 25 15 or
938 3210 76 28 parcel
1029 3211 26 21 of
1067 3211 56 22 land
1133 3210 85 23 'situate
1228 3219 28 14 on

670 3236 37 22 the
719 3237 71 22 rivers
800 3237 84 27 Purrui,
895 3237 46 22 and
950 3237 141 27 Kokowieta,
1102 3237 46 22 and
1164 3238 93 27 Rungu-

669 3263 60 27 piko,
740 3264 25 21 in
774 3263 39 23 the
823 3264 100 27 territory
932 3264 27 22 of
964 3264 57 23 New
1028 3264 100 22 Zealand
1136 3273 6 18 ;
1154 3264 104 23 bounded

670 3290 30 28 by
708 3290 40 22 the
759 3291 70 22 River
835 3291 79 22 Purrui
923 3299 29 14 on
962 3290 38 23 the
1010 3291 208 28 south-south-east,
1229 3299 28 14 on

671 3317 37 22 the
719 3321 55 18 west
782 3318 32 28 by
820 3318 35 22 the
865 3318 69 22 River
943 3318 143 28 Rungapiko,
1096 3325 30 16 on
1133 3318 39 22 the
1182 3319 76 21 south-

672 3344 132 23 south-west
813 3345 29 27 by
849 3345 37 22 the
901 3346 59 21 river
975 3345 139 27 Kokowieta,
1128 3345 38 22 the
1181 3353 77 14 names

673 3372 25 21 of
709 3372 39 21 the
759 3372 48 22 said
820 3372 59 24 land.
884 3372 70 28 being
963 3372 87 27 Titiwa,
1066 3373 35 21 Tv
1113 3372 67 28 Wira,
1191 3373 67 22 Tero-

672 3400 48 26 toti,
739 3399 119 27 Paratawa,
870 3400 63 21 Witu
950 3399 61 28 Witi,
1027 3399 151 28 Munga-pori,
1190 3398 68 23 Wha-

672 3433 62 14 ra-ra
743 3426 71 27 Horo,
822 3426 34 22 the
865 3434 67 14 name
940 3426 26 22 of
973 3427 38 21 the
1020 3426 71 22 whole
1100 3427 68 26 being

673 3460 24 14 as
704 3453 58 21 Pere
773 3453 104 23 Kia-hua.
1102 3469 8 9 ,

700 3479 98 27 Alleged
808 3484 22 18 to
839 3480 55 22 have
903 3480 58 22 been
968 3480 124 32 purchased
1097 3480 24 22 in
1126 3480 132 26 December,

673 3508 61 26 1839,
746 3507 59 21 from
814 3508 42 26 the,
863 3508 75 21 native
955 3502 71 27 chiefs
1039 3508 33 21 Te
1087 3508 73 21 Kawa
1174 3508 44 21 and
1228 3507 31 22 Te

674 3534 82 27 Katea,
769 3534 30 26 by
811 3534 36 22 the
862 3534 126 27 claimants,
1004 3534 50 22 who
1070 3537 57 19 state
1143 3534 49 22 that
1208 3534 52 27 they

673 3560 58 22 have
741 3560 49 22 sold
805 3561 110 21 one-third
930 3563 50 26 part
995 3561 25 21 of
1033 3561 37 22 the
1079 3561 54 22 land
1142 3561 71 21 above
1223 3561 38 21 de-

673 3587 90 22 scribed
772 3591 21 17 to
804 3588 36 21 W.
849 3588 25 21 C.
886 3588 144 27 Wentworth,
1047 3588 46 22 and
1107 3588 116 22 one-third
1237 3590 23 20 to

675 3615 92 21 Messrs.
777 3614 82 22 Robert
869 3614 116 27 Campbell
994 3615 45 21 and
1049 3615 21 21 J.
1081 3615 25 21 C.
1118 3615 89 26 Brown,
1218 3614 43 22 and

674 3648 52 14 now
736 3641 65 21 claim
812 3641 111 21 one-third
931 3641 25 21 in
969 3641 59 22 their
1037 3649 49 14 own
1097 3641 81 23 behalf.

701 3667 175 28 Consideration,
893 3668 90 22 various
997 3669 88 21 articles
1101 3669 26 21 of
1143 3668 118 22 merchan-

674 3695 57 26 dize,
743 3695 66 21 value
820 3698 36 18 not
865 3694 79 22 stated.
983 3698 4 6 '

701 3722 87 22 Nature
798 3722 32 26 ,of
844 3728 141 20 conveyance
986 3734 28 3 —
1014 3721 66 22 Deed
1096 3721 26 22 of
1140 3721 121 23 Feoffment

674 3752 23 19 to
707 3749 118 21 claimants
835 3748 64 22 dated
909 3748 54 22 23rd
971 3748 132 27 December,
1117 3750 60 20 1839.

702 3777 57 21 Case
774 3775 44 21 No.
830 3777 38 20 184
883 3775 40 27 (&).
952 3775 67 22 Rolla
1035 3775 121 28 O'Ferrall,
1169 3776 26 21 of
1205 3774 56 28 Syd-

675 3810 51 21 ney,
738 3803 109 20 claimants
854 3803 23 19 in
882 3803 60 25 part.

701 3829 41 23 All
755 3829 49 22 that
820 3829 50 22 land
884 3831 82 20 known
984 3829 30 27 by
1023 3829 38 22 the
1075 3836 68 15 name
1157 3829 26 21 of
1195 3829 66 21 Pore-

674 3864 74 20 roora,
758 3857 59 21 from
827 3856 34 22 the
875 3855 66 23 rocks
957 3862 61 20 upon
1034 3856 38 22 the
1081 3855 125 23 north-east
1214 3855 47 22 side

675 3885 25 21 of
712 3884 39 22 the
765 3883 60 22 river
840 3883 110 22 Porerooa
966 3882 73 22 called
1055 3883 123 22 Kicketoa.
1184 3882 77 22 north-

675 3914 47 19 east
733 3911 29 27 by
771 3911 65 21 north
849 3912 26 20 30
884 3909 71 26 miles,
966 3909 45 22 and
1020 3909 107 22 bounded
1135 3913 22 17 to
1168 3909 37 21 the
1216 3911 46 19 east

675 3939 31 26 by
715 3945 13 15 a
738 3944 68 20 range
822 3937 24 22 of
854 3944 77 19 snowy
947 3936 142 25 mountains;
1103 3939 25 17 to
1142 3935 38 22 the
1196 3935 65 22 south

675 3965 28 28 by
722 3972 14 15 a
757 3972 69 19 range
847 3965 25 21 of
891 3963 59 28 hills,
968 3963 62 22 three
1048 3963 64 23 miles
1132 3962 56 22 from
1209 3962 53 22 Port

1886 501 121 22 south-cast
2019 501 50 22 half
2084 503 66 21 south
2165 503 45 21 and
2224 504 19 20 is
2259 503 83 23 distant
2355 504 58 22 from
2429 503 38 22 the

1886 527 122 27 Nalyawah
2030 528 84 22 church
2130 529 61 21 three
2206 529 103 22 hundred
2324 531 46 21 feet
2392 530 76 22 south-

1886 558 52 16 west
1954 555 45 21 and
2012 555 31 26 by
2058 554 66 22 south
2131 562 6 19 ;
2152 556 28 20 its
2194 555 117 27 boundary
2321 556 46 22 line
2384 564 29 14 on
2429 557 39 21 the

1886 581 120 21 east-south
2023 583 47 19 east
2077 581 20 21 is
2111 581 38 21 the
2164 581 61 26 ridge
2241 581 75 27 facing
2331 583 39 21 the
2379 590 44 19 sea,
2436 583 32 26 (to
2474 580 4 5 '

1876 612 2 18 !
1885 606 72 22 which
1965 607 63 27 ridge
2037 607 37 21 the
2083 607 54 21 land
2145 614 54 15 runs
2206 608 109 27 parallel,)
2323 609 46 21 and
2375 609 93 21 extends
2476 613 3 3 '

1884 635 24 19 to
1917 633 37 22 the
1964 633 128 23 south-west
2102 634 43 21 and
2150 634 30 27 by
2188 634 63 22 south
2259 642 42 14 one
2311 634 103 23 hundred
2424 636 45 21 and

1884 659 129 28 fifty-seven
2022 660 45 22 and
2081 660 150 22 nine-twelfth
2240 661 57 26 feet;
2307 661 39 21 the
2352 661 118 28 boundary

1884 686 43 22 line
1938 687 53 22 then
1999 694 55 15 runs
2062 686 59 22 back
2130 687 59 22 from
2199 686 37 22 the
2243 691 39 23 top
2292 687 24 21 of
2326 688 39 21 the
2373 687 63 29 ridge
2446 693 23 17 to
2483 701 13 12 *.

1884 713 37 21 the
1937 714 131 22 north-west
2083 717 91 24 quarter
2184 716 59 24 west,
2253 713 44 22 five
2313 713 104 23 hundred
2425 714 46 22 and

1881 742 165 25 twenty-seven
2065 740 46 22 and
2126 741 163 26 three-quarter
2302 740 58 27 feet;
2381 741 19 21 it
2416 741 67 24 then,

1886 770 59 19 turns
1956 775 64 20 away
2028 772 23 17 to
2060 767 38 22 the
2109 766 195 24 west-north-west
2313 767 102 28 eighteen
2425 768 46 21 feet

1884 797 38 18 ten
1930 794 78 22 inches
2015 802 6 19 ;
2031 794 19 22 it
2058 794 56 22 then
2120 801 53 15 runs
2183 797 22 19 to
2214 794 38 21 the
2263 794 208 22 north-north-west

1884 820 130 27 sixty-three
2029 821 57 27 feet;
2106 821 55 21 then
2176 820 126 23 north-east
2318 820 153 28 ninety-eight

1884 847 44 21 feet
1935 854 5 20 ;
1955 847 54 23 then
2022 849 68 21 north
2105 854 43 16 one
2163 847 103 23 hundred
2281 847 43 22 and
2341 847 130 28 thirty-four

1876 884 2 16 ;
1884 874 44 21 feet
1938 874 62 27 eight
2015 874 84 27 inches,
2111 877 24 18 at
2144 874 71 22 which
2223 874 65 28 point
2296 874 18 22 it
2327 874 93 22 touches
2432 874 44 22 the'

1876 901 2 26 |
1884 904 81 19 stream
1978 901 56 27 Wye
2041 909 5 19 ;
2062 901 38 21 the
2109 900 55 22 land
2178 901 40 21 has
2232 903 69 19 water
2314 901 101 28 frontage
2431 908 39 14 ex-

1884 927 93 28 tending
1990 927 77 28 eighty
2080 927 48 22 feet
2142 928 58 21 from
2215 927 45 22 this
2274 927 63 28 point
2352 928 65 22 down
2431 928 39 22 the

1876 966 2 3 ■
1885 958 80 18 stream
1975 958 22 18 to
2003 962 14 14 a
2025 958 45 18 tree
2079 954 94 23 marked
2179 954 54 22 R.T.
2243 955 190 26 comprehending
2440 955 31 21 all

1884 980 37 22 the
1928 981 54 22 land
1990 989 30 14 on
2035 981 38 22 the
2090 981 60 27 right
2164 981 61 21 bank
2234 981 27 22 of
2272 981 37 21 the
2325 981 48 23 said
2387 985 83 18 stream

1886 1008 61 27 Wye,
1968 1009 99 21 between
2090 1008 38 21 the
2150 1008 61 27 point
2231 1008 46 22 and
2297 1008 38 22 the
2353 1008 48 22 said
2422 1012 48 18 tree

1885 1034 108 22 aforesaid
1999 1044 5 18 ;
2015 1035 38 21 the
2062 1034 116 27 boundary
2185 1034 45 22 line
2241 1034 54 22 then
2301 1041 54 15 runs
2364 1035 58 21 from
2431 1034 40 22 the

1876 1062 2 19 1
1884 1061 47 21 said
1938 1070 2 5 '
1949 1066 46 18 tree
2013 1063 24 21 in
2055 1061 38 21 the
2114 1061 105 21 direction
2239 1061 27 21 of
2282 1061 124 22 south-east
2423 1061 51 22 half

1876 1088 2 20 !
1886 1088 63 22 south
1959 1089 44 21 and
2013 1092 22 18 to
2050 1088 38 22 the
2103 1091 39 24 top
2159 1088 25 21 of
2196 1087 37 21 the
2243 1088 61 27 ridge
2314 1088 44 21 five
2368 1088 103 22 hundred

1886 1114 43 22 and
1941 1115 129 27 eighty-five
2080 1115 53 21 feet.
2163 1114 118 26 (Contents
2290 1117 38 18 not
2338 1115 90 26 stated).

1911 1141 95 27 Alleged
2016 1145 23 18 to
2053 1141 56 22 have
2124 1141 58 21 been
2190 1140 124 28 purchased
2323 1141 30 27 by
2363 1141 38 22 the
2415 1141 55 22 clai-

1885 1171 60 19 mant
1963 1169 59 21 from
2041 1168 36 22 the
2098 1168 82 22 Native
2199 1168 75 22 Chiefs
2294 1167 107 23 Muturoa
2424 1168 47 22 and

1886 1195 145 27 Mangatuka.

1912 1221 174 27 Consideration,
2103 1221 52 22 cash
2174 1224 23 18 to
2214 1220 38 22 the
2271 1225 95 19 amount
2380 1221 26 23 of
2422 1222 49 24 £30

1886 1248 98 27 sterling.

1914 1274 84 22 Nature
2015 1275 26 21 of
2060 1281 143 21 conveyance
2204 1286 27 4 —
2232 1274 65 22 Deed
2311 1274 23 22 in
2351 1275 80 22 favour
2448 1275 27 22 of

1888 1300 109 28 claimant,
2010 1301 67 21 dated
2085 1301 41 21 4th
2136 1302 107 26 January,
2256 1302 59 20 1840.

1914 1328 55 21 Case
1984 1328 44 21 No.
2046 1329 39 21 241
2105 1328 39 26 (6).
2173 1328 99 21 William
2290 1327 90 23 Charles
2394 1328 78 22 Went-

1887 1354 77 26 worth,
1975 1354 26 21 of
2011 1354 120 26 Vaucluse,
2142 1356 97 20 claimant
2250 1356 88 25 inpart.

1914 1382 82 26 16,000,
2008 1381 91 21 Sixteen
2116 1382 109 21 thousand
2236 1389 67 19 acres,
2314 1389 61 14 more
2386 1389 25 14 or
2419 1382 50 26 less,

1887 1406 66 29 being
1970 1408 30 21 all
2020 1408 47 21 that
2082 1408 62 26 piece
2159 1416 25 14 or
2196 1408 74 27 parcel
2285 1408 26 22 of
2326 1408 56 22 land
2395 1408 24 22 in
2434 1408 38 22 the

1888 1433 114 22 Northern
2018 1434 77 22 Island
2110 1434 26 21 of
2152 1435 57 21 New
2224 1434 107 28 Zealand,
2349 1435 78 21 situate
2443 1442 29 14 on

1890 1460 35 21 the
1943 1460 61 22 river
2018 1461 82 27 Puniu,
2116 1461 141 27 Kokowettu,
2272 1461 44 22 and
2331 1461 140 28 Rungipiko;

1888 1486 102 23 bounded
2000 1488 30 27 by
2040 1488 36 21 the
2087 1488 58 21 river
2153 1488 74 22 Puinu
2234 1495 31 15 on
2274 1488 38 22 the
2322 1488 151 22 south-south-

1890 1517 56 24 east;
1963 1522 28 14 on
2001 1514 38 22 the
2056 1517 53 19 west
2121 1514 30 28 by
2161 1515 37 21 the
2207 1516 60 20 river
2281 1515 146 27 Rungapiko;
2444 1522 29 15 on

1889 1540 35 22 the
1937 1541 70 21 south-
2014 1541 128 21 south-west
2157 1542 29 27 by
2201 1542 38 22 the
2253 1542 59 21 river
2327 1542 143 27 Hokowittu;

1890 1566 36 23 the
1936 1575 79 14 names
2025 1568 26 21 of
2062 1568 36 21 the
2107 1568 56 21 land
2178 1568 66 28 being
2260 1569 89 27 Titewa,
2360 1569 113 22 Tu-wera-

1890 1601 64 20 wera,
1980 1594 92 28 Tuoloti,
2093 1595 120 27 Paratawa,
2236 1595 118 27 Witawitu,
2375 1596 103 26 Wonga--

1889 1621 56 27 poie,
1966 1622 127 27 Warahoro,
2104 1621 38 22 the
2152 1629 65 15 name
2232 1622 28 22 of
2269 1623 37 21 the
2320 1622 71 22 whole
2406 1622 66 28 being

1890 1648 55 21 Para
1954 1648 97 22 Kiohua.

1916 1675 95 27 Alleged
2019 1679 22 17 to
2050 1675 57 22 have
2116 1676 55 22 been
2177 1675 124 28 purchased
2307 1676 23 22 in
2338 1676 133 27 December,

1890 1702 59 27 1839,
1960 1703 58 21 from
2029 1703 84 21 certain
2123 1703 80 21 Native
2211 1702 75 22 Chiefs
2295 1707 40 17 not
2344 1703 88 27 named,
2443 1703 30 27 by

1889 1728 91 22 Messrs.
1995 1729 60 21 John
2070 1729 70 22 Jones
2156 1729 44 22 and
2217 1729 91 22 Francis
2327 1730 69 21 Owen
2415 1729 57 22 Lea-

1888 1755 65 27 thart,
1964 1756 49 21 who
2023 1756 57 21 have
2093 1756 104 27 disposed
2205 1756 27 22 of
2241 1756 200 27 four-eighteenths
2451 1757 26 21 of

1889 1782 55 21 their
1955 1782 93 22 interest
2057 1783 22 21 in
2090 1782 38 22 the
2138 1784 69 21 above
2218 1783 54 21 land
2282 1787 21 17 to
2314 1784 111 21 claimant.

1915 1809 175 27 Consideration;
2101 1813 40 18 not
2150 1810 79 22 stated.

1914 1836 86 22 Nature
2014 1837 25 21 of
2056 1843 167 20 conveyance—
2227 1836 65 22 Deed
2307 1837 25 21 of
2349 1837 126 22 Feoffmcnt

1889 1865 22 18 to
1925 1862 38 22 the
1981 1862 91 28 original
2087 1864 136 27 purchasers,
2235 1863 66 22 dated
2311 1863 38 22 the
2364 1864 54 22 23rd
2427 1865 48 21 De-

1890 1890 95 26 cember,
1999 1891 60 21 1839.

1914 1916 56 22 Case
1986 1917 43 21 No.
2046 1917 78 21 252.—
2125 1917 97 22 William
2238 1916 93 29 Wright,
2350 1917 126 28 merchant,

1889 1944 97 20 claimant
1995 1945 22 19 in
2023 1946 59 24 part,

1914 1971 40 21 All
1964 1970 48 22 that
2020 1971 54 21 land
2084 1971 79 21 known
2171 1971 32 26 by
2207 1971 38 22 the
2253 1978 66 14 name
2326 1971 26 22 of
2356 1971 118 27 Porerooa,

1888 1997 56 21 from
1956 1997 36 21 the
2003 1997 63 21 rocks
2075 2004 61 20 upon
2149 1997 36 21 the
2201 1996 126 22 north-east
2341 1997 47 22 side
2399 1998 26 21 of
2438 1998 37 22 the

1889 2024 67 21 River
1966 2024 115 25 Porerooa,
2093 2023 71 22 called
2180 2023 115 27 Kickatoe,
2311 2024 125 22 north-east
2444 2025 32 27 by

1888 2050 65 22 north
1963 2050 67 27 thirty
2037 2050 74 26 miles,-
2120 2050 44 21 and
2173 2050 106 22 bounded
2288 2053 21 17 to
2319 2051 38 21 the
2368 2055 47 17 east
2424 2051 30 28 by
2462 2059 14 15 a

1889 2084 67 20 range
1966 2077 26 21 of
2004 2084 75 20 snowy
2089 2076 127 22 mountains
2223 2085 5 19 ;
2245 2080 24 18 to
2286 2076 36 22 the
2340 2077 65 22 south
2418 2078 30 27 by
2464 2086 13 14 a

1888 2110 69 20 range
1966 2104 26 22 of
2001 2104 51 21 hills
2062 2104 62 22 three
2138 2104 63 21 miles
2210 2104 59 20 from
2279 2103 52 22 Port
2344 2104 131 28 Nicholson,

1888 2138 59 19 upon
1957 2131 36 21 the
2003 2131 130 21 south-west
2142 2131 47 21 side
2200 2130 25 22 of
2238 2130 36 21 the
2285 2130 68 22 River
2368 2131 108 23 Porerooa

1889 2161 22 18 to
1917 2158 66 22 Teeti
1992 2158 54 27 Bay,
2056 2157 58 21 from
2124 2157 63 22 Teeti
2199 2157 47 27 Bay
2256 2157 123 22 south-east
2387 2158 32 27 by
2429 2163 47 17 east

1888 2187 22 18 to
1927 2185 39 21 the
1985 2185 66 21 south
2069 2184 83 22 branch
2172 2184 26 22 of
2212 2184 38 22 the
2269 2184 112 22 Porerooa
2399 2185 76 23 River.

1890 2211 114 27 (Contents
2015 2215 39 18 not
2062 2210 90 27 stated.)

1917 2239 96 26 Alleged
2022 2242 22 18 to
2057 2238 57 21 have
2128 2237 58 23 been
2196 2237 123 28 purchased
2331 2238 25 22 in
2371 2239 105 27 October,

1890 2267 59 25 1839,
1968 2267 59 21 from
2050 2265 74 26 Rangi
2142 2265 57 26 Ako,
2220 2264 73 27 Rangi
2312 2264 70 28 Hero,
2403 2265 75 28 Rangi

1890 2293 68 26 Hitei,
1975 2293 115 27 Rupterra,
2101 2291 53 26 Aki,
2165 2291 72 26 Erow,
2247 2291 93 27 Arangi,
2354 2292 63 27 Eovi,
2431 2293 46 21 and

1890 2319 82 28 Epokc,
1984 2319 70 22 chiefs
2062 2319 24 21 of
2095 2318 37 21 the
2140 2314 117 26 Natti-ava
2267 2318 43 21 and
2316 2318 76 22 Caffea
2401 2319 75 28 tribes,

1888 2346 29 27 by
1928 2346 45 22 Mr.
1985 2345 98 22 William
2093 2345 59 27 Hay,
2166 2345 50 21 who
2229 2345 48 21 sold
2287 2352 13 14 a
2309 2345 83 28 moiety
2403 2347 27 21 of
2439 2347 36 21 in-

1888 2376 68 18 terest
1964 2373 24 21 in
1999 2373 37 21 the
2046 2372 70 22 above
2126 2376 22 17 to
2159 2372 117 21 claimant-

1915 2399 167 23 Consideration
2099 2399 24 21 in
2141 2399 39 21 the
2195 2398 47 22 first
2260 2398 100 22 instance
2361 2410 27 5 —
2388 2399 88 23 various

1888 2427 88 21 articles
1985 2427 25 21 of
2017 2425 162 27 merchandize,
2190 2429 23 17 to
2224 2425 37 21 the
2276 2429 93 18 amount
2378 2427 26 21 of
2415 2427 62 23 £378

1888 2453 97 28 sterling,
2003 2455 34 19 for
2047 2453 38 21 the
2100 2452 70 22 entire
2184 2451 107 28 purchase
2298 2460 6 19 ;
2323 2453 43 21 and
2379 2453 62 22 £200
2451 2453 25 22 in

1888 2480 53 22 cash
1951 2481 45 21 and
2004 2479 77 28 goods,
2091 2479 73 21 stated
2173 2483 23 17 to
2205 2478 57 22 have
2272 2479 57 21 been
2340 2480 61 22 since
2408 2480 68 27 given

1889 2511 21 17 to
1920 2507 39 21 the
1969 2507 86 22 natives
2063 2507 31 26 by
2104 2505 111 22 claimant.

1914 2533 85 23 Nature
2015 2534 25 21 of
2054 2540 141 19 conveyance
2196 2544 28 3 —
2224 2532 120 22 Indenture
2353 2533 26 21 of
2389 2533 87 22 Feeoff-

1888 2564 61 18 ment
1959 2564 22 18 to
1992 2561 45 21 Mr.
2048 2560 61 27 Hay,
2120 2559 67 22 dated
2196 2559 39 21 9th
2244 2559 103 27 October,
2360 2561 60 21 1839.

1914 2588 56 21 Case
1992 2587 44 22 No.
2060 2588 77 20 257.—
2137 2585 96 23 Thomas
2253 2585 56 28 Bell,
2329 2586 26 22 of
2370 2586 104 28 Dundee,

1888 2613 110 28 Scotland,
2007 2614 26 27 N.
2033 2614 39 27 8.,
2084 2615 99 19 claimant
2192 2614 87 25 inpart.

1914 2641 39 21 All
1963 2642 48 20 that
2018 2641 63 28 piece
2091 2641 27 21 of
2126 2641 53 21 land
2190 2648 23 14 or
2222 2639 73 22 island
2303 2639 81 23 known
2394 2641 30 26 by
2437 2640 42 22 the-

1887 2675 66 15 name
1966 2668 26 22 of
2003 2667 94 26 Manna,
2114 2667 71 22 called
2198 2667 31 26 by
2241 2667 38 21 the
2293 2666 101 28 English,
2413 2667 64 22 War-

1887 2695 54 27 spite
1958 2695 83 26 Island,
2059 2694 96 22 situated
2172 2695 25 21 in
2211 2693 80 23 Cook's
2308 2694 83 26 Straits,
2408 2694 69 22 about

1886 2722 101 21 fourteen
2001 2721 62 22 miles
2077 2721 130 22 south-west
2216 2720 25 22 of
2255 2720 69 27 Entry
2338 2721 77 21 Island
2430 2721 45 22 and

1888 2749 116 26 llowpara.
2035 2748 117 27 (Contents
2162 2751 39 18 not
2210 2747 92 26 stated.)

1914 2775 97 28 Alleged
2024 2779 24 18 to
2058 2775 57 22 have
2129 2775 58 21 been
2195 2773 123 32 purchased
2333 2781 28 14 on
2377 2774 41 22 the'
2425 2775 65 25 2sth,

1888 2802 64 27 April
1962 2804 60 25 1832,
2032 2802 59 22 from
2106 2801 38 23 the
2161 2801 75 22 native
2251 2800 75 27 chiefs,
2345 2801 78 28 Ropea
2432 2801 46 22 and

1889 2829 141 28 Ranghiatia,
2046 2829 30 27 by
2091 2829 91 22 Messrs.
2198 2827 62 23 John
2276 2827 55 28 Bell,
2349 2828 131 22 Alexander

1890 2856 123 27 Davidson,
2024 2856 44 22 and
2074 2855 123 23 Archibald
2203 2855 124 21 Mossman.
2352 2855 125 27 Davidson,

1888 2883 19 21 it
1914 2883 19 21 is
1944 2883 78 26 stated,
2034 2882 135 22 transferred
2177 2882 33 21 his
2217 2881 92 22 interest
2316 2884 23 19 to
2349 2881 61 23 John
2420 2882 57 27 Bell,

1889 2909 60 23 since
1959 2910 115 27 deceased,
2090 2909 72 22 whose
2171 2908 80 26 father,
2263 2908 37 22 the
2309 2912 91 23 present
2408 2908 71 29 appli-

1890 2939 55 24 cant,
1957 2936 77 22 claims
2044 2944 24 14 as
2078 2935 143 23 heir-at-law.

1916 2963 177 26 Consideration,
2100 2963 88 21 various
2195 2961 88 22 articles
2289 2961 25 21 of
2315 2961 163 28 merchandise,

1888 2989 66 24 value
1964 2993 39 19 not
2013 2989 78 22 stated.
2445 2987 3 6 '
2478 2998 3 4 •

1916 3017 85 21 Nature
2012 3017 25 21 of
2043 3022 149 20 conveyance,
2203 3017 40 19 not
2254 3014 77 22 stated.
2431 3036 6 9 t

1916 3043 55 22 Case
1981 3043 91 21 N0.270.
2074 3053 28 5 —
2102 3041 132 23 Alexander
2246 3041 85 26 Fraser,
2343 3041 27 21 of
2381 3041 97 28 Sydney,

1889 3076 87 21 cooper,
1991 3069 46 23 and
2055 3070 97 22 Thomas
2171 3069 86 25 Fraser,
2273 3067 25 22 of
2310 3068 74 27 Capiti-
2398 3068 80 22 Cook's

1889 3096 84 27 Straits,
1985 3097 57 22 New
2054 3095 106 27 Zealand,
2171 3096 116 20 claimants.

1916 3123 40 22 All
1964 3124 49 21 that
2020 3123 63 28 piece
2093 3130 26 14 or
2128 3122 73 27 parcel
2211 3122 26 22 of
2248 3121 52 22 land
2311 3121 117 28 including
2438 3121 37 23 the
2495 3134 3 3 •

1889 3149 96 29 whaling
1996 3151 88 26 station,
2102 3149 73 23 called
2190 3149 66 26 Long
2272 3147 71 28 Point,
2361 3149 80 21 situate
2455 3153 24 17 at

1890 3177 79 28 Capiti,
1980 3177 79 23 Cook's
2067 3177 85 26 Straits,
2160 3176 55 22 New
2223 3175 107 22 Zealand.
2358 3175 120 27 (Contents

1890 3209 40 17 not
1939 3204 89 27 stated.)

1917 3231 98 27 Alleged
2023 3234 23 18 to
2060 3230 60 24 have
2133 3230 59 22 been
2200 3228 124 29 purchased
2341 3229 68 22 about
2419 3229 62 28 eight

1890 3265 63 20 years
1971 3265 49 20 ago,
2039 3257 59 22 from
2123 3257 82 22 certain
2229 3255 83 23 Native
2337 3255 81 28 Chiefs,
2439 3260 41 18 not

1891 3285 87 26 named,
1996 3285 29 26 by
2041 3284 44 22 Mr.
2100 3283 98 22 Thomas
2213 3282 95 27 Wright,
2325 3283 50 21 who
2391 3283 48 22 sold
2455 3288 26 17 to

1891 3311 37 22 the
1939 3311 123 22 claimants-.

1917 3337 174 26 Consideration,
2099 3336 24 22 in
2134 3336 37 22 the
2181 3336 48 22 first
2236 3336 103 22 instance
2349 3340 40 19 not
2399 3337 79 26 stated,

1891 3365 39 21 but
1945 3365 39 21 the
2000 3364 116 22 claimants
2130 3363 72 28 allege
2218 3363 57 26 that,
2293 3367 23 17 at
2332 3363 39 22 the
2385 3364 55 22 time
2458 3364 26 22 of

1892 3391 57 23 their
1963 3391 115 28 purchase,
2095 3389 54 28 they
2164 3390 53 27 paid
2235 3390 38 22 the
2288 3391 87 22 natives
2391 3391 92 22 various

1892 3419 68 26 goods
1971 3423 21 17 to
2003 3418 37 22 the
2050 3420 91 19 amount
2150 3417 26 22 of
2189 3417 68 22 about
2266 3417 48 22 £30
2325 3418 99 27 sterling.

1917 3445 88 22 Nature
2015 3445 26 21 of
2052 3451 149 20 conveyance,
2212 3447 43 19 not
2263 3445 81 21 stated.

1919 3473 56 21 Case
1989 3472 43 22 No.
2044 3472 47 21 287.
2119 3471 99 22 'Ihomas
2234 3471 90 27 Barker,
2336 3471 26 22 of
2380 3471 98 28 Sydney,

1892 3499 194 26 master-mariner,
2098 3497 113 23 claimant.

1917 3527 21 25 2,
1955 3526 52 22 Two
2024 3532 67 20 acres,
2109 3532 61 15 more
2186 3532 24 15 or
2224 3524 52 28 less,
2292 3525 80 22 situate
2393 3532 28 14 on
2441 3524 40 22 the
2495 3546 3 2 .

1892 3556 54 18 west
1961 3553 46 21 side
2024 3553 26 21 of
2066 3552 38 22 the
2121 3552 97 22 harbour
2234 3551 26 22 of
2277 3551 55 22 Port
2347 3551 131 27 Nicholson,

1893 3579 44 22 and
1946 3579 157 27 immediately
2109 3579 113 28 adjoining
2231 3578 39 22 the
2280 3578 81 22 Native
2371 3577 49 22 Pah
2430 3577 48 22 He-

1893 3606 79 27 wipote
1980 3614 5 19 ;
2006 3605 109 23 bounded
2131 3614 28 14 on
2176 3606 36 22 the
2231 3608 48 19 east
2293 3605 29 21 by
2336 3605 37 21 the
2384 3611 38 14 sea
2427 3612 7 19 ;
2450 3612 29 14 on

1888 3632 42 26 jthe
1947 3633 67 21 north
2029 3633 29 28 by
2072 3633 38 21 the
2129 3633 74 22 native
2218 3631 89 28 chapel;
2330 3631 44 22 and
2392 3638 30 14 on
2441 3631 38 21 the

1892 3659 128 23 north-west
2027 3660 31 27 by
2068 3667 13 14 a
2091 3660 61 21 fresh
2166 3663 68 18 water
2242 3654 72 26 creek.

1919 3687 99 28 Alleged
2034 3690 23 18 to
2072 3687 58 21 have
2147 3687 57 21 been
2222 3684 125 29 purchased
2365 3684 59 22 from
2441 3684 40 22 the

1892 3714 76 21 native
1977 3714 64 21 chief
2051 3713 99 22 Richard
2159 3713 70 22 Davis
2236 3711 45 22 and
2290 3711 34 22 bis
2335 3711 106 28 children,
2451 3718 30 14 ou

1894 3740 37 22 the
1943 3741 51 22 11th
2004 3741 44 21 and
2058 3741 52 21 12th
2122 3739 135 26 November,
2269 3739 61 21 1839.

1921 3767 168 23 Consideration
2100 3771 23 17 to
2131 3767 39 21 the
2179 3765 93 26 natives,
2284 3765 48 22 £70
2341 3765 98 26 sterling.

1920 3794 88 23 Nature
2022 3794 26 22 of
2065 3800 141 21 conveyance
2207 3803 29 4 —
2236 3799 15 15 a
2266 3791 65 23 Deed
2347 3791 67 23 dated
2430 3791 52 23 12th

1895 3821 135 27 November,
2041 3822 60 20 1839.
2192 3829 2 4 ■
2335 3836 10 5 -

1921 3848 56 21 Case
1987 3848 43 21 No.
2035 3846 53 23 '374.
2117 3846 98 22 William
2225 3845 132 27 Wakefield,
2366 3852 30 14 on
2404 3843 82 23 behalf

1895 3875 25 21 of
1931 3875 39 22 the
1980 3875 56 21 New
2044 3873 101 22 Zealand
2155 3874 121 26 Company,
2287 3872 112 21 claimant.

1921 3901 49 22 Tlie
1980 3901 71 22 whole
2061 3901 26 21 of
2098 3900 38 21 the
2147 3900 55 27 Bay,
2220 3899 102 21 Harbour
2335 3898 43 22 and
2389 3897 94 22 District

1896 3928 24 21 of
1938 3929 87 25 Wanga
2040 3927 46 21 Nui
2101 3928 76 25 Atera,
2197 3925 126 26 commonly
2341 3925 73 21 called
2429 3925 54 21 Port

1896 3955 128 26 Nicholson,
2036 3954 80 21 situate
2132 3961 28 14 on
2175 3953 35 21 the
2229 3951 163 23 north-eastern
2402 3951 46 23 side
2460 3952 27 21 of

1281 500 128 27 Nicholson,
1429 507 60 22 upon
1508 500 38 22 the
1565 501 131 22 south-west
1714 500 45 22 side
1774 501 27 21 of
1822 501 37 21 the

1280 527 60 22 river
1345 529 5 4 '
1355 527 112 22 Porerooa
1475 531 23 18 to
1514 527 64 22 Teeti
1596 527 123 27 Bay,'from
1736 527 59 22 Teeti
1811 527 49 26 Bay

1280 554 124 22 south-east
1415 554 31 27 by
1455 557 47 19 east
1517 557 23 18 to
1557 553 38 23 the
1609 553 67 23 south
1689 553 80 23 branch
1783 553 28 22 of
1822 553 37 22 the

1279 580 110 22 Porerooa
1397 580 66 22 river.
1493 580 117 26 (Contents
1618 583 42 19 not
1669 580 91 27 stated.),

1306 607 96 26 Alleged
1411 610 23 19 to
1442 607 58 22 have
1514 607 58 21 been
1587 606 124 28 purchased
1719 607 23 21 in
1757 606 100 27 October,

1279 635 66 26 1839,-
1358 634 59 22 from
1436 633 74 28 Rangi
1529 633 59 28 Ako,
1604 633 77 28 Rungi
1699 633 65 26 Hero,
1784 633 76 27 Rangi

1278 660 70 27 Hitei,
1357 661 117 27 Rupterra,
1482 660 53 27 Aki,
1543 660 93 27 Arangi,
1645 660 64 27 Eovi,
1717 660 140 28 andEpokie,

1278 687 69 22 chiefs
1362 687 26 22 of
1397 687 39 22 the
1451 687 116 22 Natti-ava
1583 687 44 22 and
1642 687 75 22 Caffea
1733 687 80 26 Tribes,
1830 687 28 27 by

1279 714 45 22 Mr.
1333 713 101 23 William
1442 714 60 27 Hay,
1513 713 50 23 who
1577 714 48 22 sold
1638 721 15 15 a
1661 713 64 23 tenth
1733 719 44 22 part
1786 714 27 22 of
1823 713 34 23 his

1278 741 90 21 interest
1377 745 23 17 to
1410 741 114 21 claimant.

1305 767 167 23 Consideration
1481 767 24 22 in
1515 767 37 22 the
1562 767 47 23 first
1618 767 107 27 instance,
1733 767 83 23 various
1823 775 35 14 ar-

1277 794 63 22 ticles
1357 795 27 21 of
1393 794 157 22 merchandize
1563 797 24 19 to
1602 797 38 19 the
1655 798 90 19 amount
1759 795 23 21 of
1797 795 61 21 £378

1278 821 97 27 sterling,
1391 821 36 22 for
1443 821 37 22 the
1495 821 69 22 entire
1572 838 3 6 ,
1580 821 117 28 purchase,
1712 821 44 22 and
1767 821 51 22 £40
1834 821 24 21 in

1278 847 59 28 cash,
1348 848 46 22 and
1402 848 69 27 goods
1481 847 78 23 stated'
1561 851 23 18 to
1593 847 57 23 have
1659 848 57 22 been
1728 848 54 22 since
1791 847 67 28 given

1277 878 24 18 to
1310 874 38 22 the
1358 875 87 21 natives
1453 875 30 26 by
1493 874 38 22 the
1542 874 113 22 claimant.

1305 901 86 23 Nature
1408 901 26 22 of
1445 908 140 18 conveyance
1585 913 29 4 —
1615 901 121 22 Indenture
1751 901 22 22 of
1787 901 72 23 Feoff-

1278 931 62 19 ment
1348 931 24 19 to
1383 929 44 21 Mr.
1439 928 59 27 Hay,
1510 927 67 23 dated
1587 928 36 22 the
1638 928 39 22 9th
1687 928 98 27 October,
1796 929 61 21 1839.

1306 955 55 22 Case
1370 955 45 22 No.
1426 955 44 27 IS7,
1484 955 40 27 (#).
1543 954 62 23 John
1616 955 95 22 Jenkins
1722 955 102 27 Peacock,
1836 955 26 21 of

1278 981 96 28 Sydney,
1386 982 124 27 Merchant,
1521 983 101 21 claimnnt
1631 983 88 25 inpart.

1305 1008 39 22 All
1354 1008 48 22 that
1415 1009 59 27 land,
1486 1009 82 22 known
1573 1010 41 27 Vby
1623 1009 38 22 the
1677 1016 66 15 name
1756 1009 23 21 of
1789 1009 69 21 Pore-

1270 1044 2 4 •
1278 1042 60 20 rooa,
1348 1035 60 23 from
1417 1036 38 22 the
1469 1035 73 28 rocks,
1552 1043 61 20 upon
1629 1036 38 22 the
1681 1035 118 23 north-east
1811 1035 46 22 side

1278 1062 26 21 of
1314 1061 37 22 the
1362 1063 60 21 river
1435 1063 116 26 Porerooa,
1562 1063 73 22 called
1651 1063 113 26 Kicketoa,
1781 1062 77 22 north-

1279 1092 47 18 east
1339 1089 30 27 by
1383 1090 67 21 north
1465 1090 27 21 30
1505 1089 77 28 miles;
1604 1090 43 22 and
1660 1089 101 22 bounded
1778 1092 23 18 to
1822 1089 36 21 the

1279 1118 47 19 east
1339 1115 30 28 by
1385 1124 12 14 a
1407 1123 67 20 range
1490 1116 27 21 of
1531 1123 76 20 snowy
1623 1115 138 27 mounrains;
1780 1119 24 18 to
1822 1115 36 21 the

1277 1142 65 22 south
1352 1143 31 26 by
1392 1150 15 14 a
1415 1150 67 19 range
1493 1143 27 21 of
1529 1142 51 22 hills
1596 1143 63 21 three
1672 1143 63 21 miles
1743 1143 53 21 irom
1806 1142 53 22 Port

1278 1168 130 28 Nicholson,
1415 1177 60 24 upon
1484 1169 39 22 the
1533 1169 130 23 south-west
1672 1169 46 22 side
1729 1169 23 21 of
1757 1169 35 21 the
1800 1169 59 21 river

1278 1195 111 23 Porerooa
1398 1201 24 17 to
1432 1197 64 21 rcetr
1505 1196 48 27 Bay
1561 1204 5 19 ;
1582 1197 57 21 from
1653 1195 63 23 Teeti
1730 1196 43 27 Bay
1783 1195 76 22 south-

1279 1225 46 19 east
1333 1222 30 27 by
1373 1226 54 23 east,
1439 1226 22 18 to
1475 1222 39 22 the
1529 1223 65 21 south
1608 1223 85 21 branch
1707 1222 26 22 of
1743 1222 32 22 the
1790 1223 69 21 Pore-

1278 1256 53 14 rooa
1340 1249 66 22 river.
1436 1249 116 26 (Contents
1562 1254 41 17 not
1611 1249 90 26 stated).

1306 1275 96 27 Alleged
1411 1275 28 21 to'
1453 1275 57 21 have
1525 1275 57 22 been
1589 1275 125 28 purchased
1722 1275 24 21 in
1756 1275 102 26 October,

1280 1303 59 25 1839,
1355 1302 59 22 from
1435 1302 74 26 Rangi
1524 1302 58 26 Ako,
1605 1302 74 26 Rangi
1700 1302 64 26 Hero,
1785 1302 76 26 Rangi

1280 1328 68 26 Hitei,
1367 1328 118 27 Rupterra,
1508 1328 44 21 Aki
1568 1328 94 27 Arangi,
1682 1328 63 26 Eovi,
1765 1328 93 27 Epokie,

1279 1354 75 22 Chiefs
1369 1355 26 21 of
1411 1355 38 21 the
1467 1354 118 22 Natti-ava
1602 1355 44 21 and
1657 1354 74 22 Caffea
1747 1355 69 26 tribes,
1830 1355 30 26 by

1280 1382 43 20 Mr.
1340 1382 102 21 William
1460 1381 61 27 Hay,
1538 1381 50 22 who
1602 1381 50 22 sold-
1669 1389 13 13 a
1700 1380 59 22 tenth
1775 1384 51 24 part
1839 1381 25 21 of

1279 1408 34 21 his
1322 1409 94 21 interest
1425 1411 23 18 to
1458 1408 112 21 claimant.

1307 1435 167 21 Consideration
1493 1434 24 21 in
1536 1434 37 22 the
1588 1434 47 22 first
1649 1435 107 26 instance,
1773 1434 89 22 various

1279 1462 85 21 articles
1375 1463 26 20 of
1413 1461 160 27 merchandise,
1585 1465 21 17 to
1616 1462 39 20 the
1665 1464 88 18 amount
1759 1462 25 20 of
1800 1462 69 22 £378'

1279 1488 97 28 sterling,
1387 1489 35 21 for
1439 1488 36 21 the
1493 1488 71 22 entire
1579 1488 108 27 purchase
1693 1496 7 19 ;
1720 1488 39 22 and
1776 1488 49 24 £40
1839 1488 23 21 in

1280 1515 51 22 cash
1341 1516 44 21 and
1394 1516 26 21 in
1434 1514 76 27 goods,
1528 1515 72 21 stated
1614 1519 22 17 to
1654 1515 57 21 have
1730 1515 53 21 been
1803 1516 59 20 since

1278 1542 65 26 given
1351 1546 24 18 to
1385 1543 37 21 the
1433 1542 93 21 Natives
1535 1542 29 26 by
1574 1542 111 21 claimant.

1306 1569 85 22 Nature
1402 1570 26 21 of
1439 1575 142 20 conveyance
1582 1580 27 3 —
1610 1569 124 21 Indenture
1750 1569 21 21 of
1789 1568 73 22 Feoff-

1279 1599 62 19 ment
1351 1600 22 18 to
1384 1597 45 21 Mr.
1442 1596 58 26 Hay,
1512 1595 68 22 dated
1589 1596 38 21 the
1640 1596 39 24 6th
1695 1596 90 21 October
1801 1597 60 19 1539.

1272 1628 26 9 --'
1307 1623 55 21 Case
1372 1623 44 22 No.
1428 1625 46 20 191.
1475 1634 28 3 —
1504 1622 116 22 Frederic
1632 1623 124 26 Peterson,
1763 1623 29 26 pf
1807 1622 55 27 Syd-

1280 1657 49 20 ney,
1342 1650 125 27 Merchant,
1479 1651 106 19 claimant.

1306 1678 82 26 23,0-10,
1417 1676 166 28 Twenty-three
1606 1676 111 22 thousand
1740 1676 41 21 and
1804 1676 59 27 forty

1280 1710 68 20 acres,
1360 1711 62 15 more
1431 1712 25 14 or
1464 1704 50 26 less,
1525 1703 67 27 being
1601 1703 29 21 all
1641 1703 48 21 that
1696 1703 60 27 piece
1760 1710 23 14 or
1788 1703 75 27 parcel

1280 1730 25 22 of
1316 1730 53 22 land
1385 1731 79 21 situate
1481 1738 28 14 on
1529 1730 36 22 the
1583 1730 72 22 North
1676 1729 74 22 Island
1760 1730 25 22 of
1807 1730 55 21 New

1280 1757 106 28 Zealand,
1396 1758 25 21 in
1432 1757 79 23 Cook's
1522 1757 83 27 Straits,
1616 1757 64 26 lying
1688 1757 175 21 enst-south-east

1278 1785 58 21 from
1354 1785 38 21 the
1412 1785 105 21 southern
1530 1785 64 25 point
1608 1785 25 20 of
1649 1783 84 28 Kapiti,
1752 1791 21 13 or
1791 1783 71 27 Entry

1281 1811 81 26 Island,
1375 1811 45 22 and
1435 1811 80 22 known
1531 1810 30 27 by
1577 1811 38 21 the
1632 1818 64 14 name
1712 1810 24 22 of
1755 1810 105 26 Wainuri,

1279 1846 14 13 a
1303 1838 63 22 small
1376 1839 59 21 river
1445 1839 23 21 of
1480 1837 60 22 fresh
1550 1842 68 17 water
1625 1837 98 26 running
1728 1837 41 21 into
1780 1837 82 22 Cook's

1280 1865 82 27 Straits,
1374 1865 39 22 the
1423 1865 46 21 said
1483 1864 75 28 parcel
1575 1865 26 21 of
1615 1864 55 21 land
1686 1864 118 27 extending
1820 1871 41 14 one

1279 1891 52 22 mile
1341 1892 102 27 frontage
1453 1896 21 18 to
1484 1892 38 21 the
1531 1891 66 22 north
1606 1891 26 21 of
1643 1891 37 21 the
1695 1891 71 21 mouth
1782 1891 27 21 of
1825 1891 36 21 the

1278 1918 48 22 said
1335 1919 66 27 river,
1413 1919 43 21 and
1465 1919 100 26 running
1579 1922 47 17 east
1642 1917 76 22 twelve
1736 1918 65 25 miles,
1818 1917 42 22 and

1271 1945 53 22 -also
1340 1949 43 19 two
1399 1946 63 21 miles
1480 1946 103 26 frontage
1602 1948 21 18 to
1643 1944 37 22 the
1699 1944 60 22 south
1778 1945 26 21 of
1824 1944 36 22 the

1272 1972 83 25 .mouth
1383 1973 26 21 of
1429 1973 36 21 the
1484 1971 47 23 said
1548 1973 66 24 river,
1636 1971 44 21 and
1703 1971 93 26 running
1816 1975 46 17 east

1279 1998 77 22 twelve
1367 1999 63 21 miles
1439 1999 56 21 from
1505 1998 37 21 the
1551 1998 70 21 beach
1632 1998 25 21 of
1665 1997 80 22 Cook's
1752 1997 82 22 Straits.

1307 2025 96 27 Alleged
1412 2029 22 17 to
1450 2025 58 21 have
1524 2025 57 21 been
1596 2024 123 27 purchased
1731 2024 21 21 in
1763 2025 99 21 Novem-

1280 2053 45 24 ber,
1336 2053 60 26 1839,
1414 2053 57 20 from
1486 2051 38 21 the
1543 2051 83 22 Native
1646 2051 73 21 Chiefs
1739 2052 17 20 A
1775 2051 87 21 Houlo-

1281 2078 75 22 moulh
1367 2079 45 21 and
1422 2079 22 21 A
1454 2079 46 21 Pie.

1307 2105 171 27 Consideration,
1497 2105 87 21 various
1598 2105 88 21 articles
1701 2105 25 21 of
1741 2104 121 22 merchant-

1280 2132 52 27 dise,
1344 2133 65 21 value
1418 2137 38 17 not
1465 2131 79 23 stated.

1307 2159 83 22 Nature
1407 2160 25 21 of
1448 2166 142 20 conveyance
1591 2170 27 4 —
1620 2159 64 21 Deed
1700 2158 24 22 of
1742 2158 120 22 Pcoffment

1281 2191 21 17 to
1312 2187 113 27 claimant,
1437 2185 67 23 dated
1515 2188 32 19 Ist
1556 2186 135 26 November,
1703 2187 57 20 1539.

1307 2214 54 22 Case
1373 2215 44 21 No.
1428 2216 46 20 191.
1487 2213 32 27 (a)
1522 2224 28 4 —
1550 2213 135 21 Frederick
1700 2213 123 26 Peturson,
1840 2212 25 22 of

1281 2240 95 28 Sydney,
1388 2241 127 25 Merchant,
1530 2241 105 21 claimant.

1307 2268 38 22 All
1368 2269 50 21 that
1437 2267 83 27 Island,
1541 2267 82 22 known
1644 2266 32 27 by
1698 2266 37 21 the
1755 2274 65 14 name
1840 2267 25 21 of

1281 2295 103 22 Korarro.
1395 2295 93 22 situated
1498 2298 24 18 at
1530 2294 38 22 the
1585 2297 103 19 entrance
1704 2294 26 20 of
1746 2293 32 22 tlie
1794 2295 69 21 River

1281 2322 96 27 Polorus,
1387 2323 25 20 in
1419 2321 78 22 Cook's
1504 2321 85 22 Straits.
1604 2321 117 26 (Contents
1729 2325 34 17 not
1771 2321 88 26 stated.)

1307 2349 96 27 Alleged,
1413 2352 22 18 to
1444 2348 56 22 have
1510 2348 57 22 been
1582 2347 123 28 purchased
1720 2347 32 23 in.
1756 2349 103 25 October,

1281 2377 59 26 1839,
1350 2374 156 24 from'Awatta
1516 2375 126 27 Rangatira,
1655 2374 26 22 of
1686 2374 99 22 Korarro.

1307 2403 174 26 Consideration,
1502 2401 52 22 cash
1573 2401 43 23 and
1632 2401 150 22 merchandise
1793 2405 23 18 to
1824 2401 38 23 the

1270 2429 2 26 I
1281 2433 88 18 amount
1380 2430 26 21 of
1416 2429 47 24 £.'3O
1468 2429 99 26 sterling.

1307 2457 85 21 Nature
1408 2451 26 27 of
1449 2462 142 21 conveyance
1593 2467 25 4 —
1619 2455 65 22 Deed
1700 2455 26 21 of
1742 2455 120 22 Peoffment

1270 2479 2 26 i
1281 2486 21 19 to
1313 2484 113 26 claimant,
1437 2482 67 22 dated
1514 2482 50 22 15th
1574 2483 104 24 October,
1691 2483 58 21 1839.

1307 2511 54 21 Case
1378 2511 43 21 No.
1431 2511 46 21 209.
1490 2509 31 26 (c)
1523 2521 27 4 —
1552 2509 87 23 Henry
1658 2509 80 22 Terry
1748 2509 111 28 Sheldon,

1270 2545 2 16 I
1281 2537 24 22 of
1322 2537 91 28 Sydney
1423 2538 99 20 claimant
1531 2538 85 25 inpart.

1306 2565 39 22 All
1354 2564 48 21 that
1411 2564 52 22 land
1470 2564 82 21 known
1560 2565 30 26 by
1599 2563 38 22 the
1644 2570 65 14 name
1717 2563 25 21 of
1746 2563 112 26 Porerooa,

1280 2592 56 21 from
1346 2591 37 22 the
1394 2591 64 22 rocks
1472 2598 61 21 upon
1547 2591 38 21 the
1595 2590 124 22 north-east
1734 2589 42 23 side
1786 2591 27 21 of
1823 2590 37 23 the

1281 2619 67 22 River
1365 2619 110 21 Porerooa
1484 2617 71 22 called
1572 2617 113 25 Tiekatoa,
1697 2616 121 23 north-east
1831 2618 30 27 by

1281 2646 66 21 north
1355 2645 70 27 thirty
1434 2645 62 22 miles
1502 2653 6 19 ;
1525 2645 44 21 and
1578 2643 106 23 bounded
1700 2647 22 18 to
1731 2644 33 21 the
1775 2647 48 18 east
1831 2645 30 26 by

1281 2680 14 14 a
1303 2679 68 21 range
1382 2673 26 21 of
1415 2679 76 20 snowy
1500 2672 128 21 mountains
1635 2679 6 19 ;
1656 2674 24 18 to
1690 2671 38 21 the
1737 2671 61 21 south
1807 2671 30 27 by
1848 2679 14 14 a

1281 2707 67 20 range
1358 2700 25 21 of
1389 2699 52 22 hills
1451 2699 61 21 three
1522 2699 63 21 miles
1594 2699 57 20 from
1667 2698 53 21 Port
1732 2697 126 28 Nicholson,

1281 2734 58 20 upon
1350 2726 37 23 the
1398 2727 130 21 south-west
1537 2725 46 22 side
1594 2725 24 21 of
1626 2725 38 21 the
1677 2725 68 21 River
1752 2725 109 22 Porerooa

1282 2757 21 18 to
1313 2754 50 22 Teti
1373 2754 47 26 Bay
1429 2761 6 18 ;
1449 2753 58 21 from
1517 2752 51 22 Teti
1583 2752 48 27 Bay
1641 2751 117 22 south-east
1773 2751 33 28 by
1816 2756 46 17 east

1281 2784 21 18 to
1318 2780 37 22 the
1375 2780 65 23 south
1458 2779 85 22 branch
1562 2780 27 21 of
1604 2779 38 21 the
1662 2779 104 21 Porerooa
1784 2779 76 22 River.

1283 2807 118 27 (Contents
1410 2810 39 18 not
1458 2806 89 26 stated.)

1308 2834 97 27 Alleged
1417 2838 23 17 to
1449 2833 57 22 havo
1522 2832 59 22 been
1589 2832 125 28 purchased
1728 2832 21 21 in
1757 2832 104 27 October,

1283 2862 58 26 1839,
1360 2862 60 21 from
1438 2860 74 28 Rangi
1532 2859 58 27 Ako,
1609 2859 75 27 Rangi
1705 2859 64 26 Hero,
1789 2860 75 31 Rangi

1282 2888 69 26 Hitei,
1376 2889 117 27 Rupterra,
1516 2886 52 28 Aki,
1590 2886 72 27 Erow,
1686 2886 87 33 Arangi,
1799 2886 63 28 Eovi,

1282 2915 77 27 Epoki,
1369 2915 70 22 chiefs
1449 2914 25 22 of
1479 2914 40 21 the
1529 2913 116 22 Natti-ava
1655 2913 43 21 and
1708 2913 69 22 Caftea
1787 2913 74 27 tribes,

1281 2942 29 31 by
1321 2942 43 21 Mr.
1376 2942 99 21 William
1491 2941 59 27 Hay,
1561 2940 50 22 who
1624 2940 50 21 sold
1683 2947 13 14 a
1709 2940 57 21 tenth
1780 2944 51 24 part
1841 2935 26 26 of

1281 2968 34 22 his
1323 2969 93 22 interest
1427 2972 22 18 to
1458 2968 38 22 the
1507 2966 109 23 claimant.
1650 2976 5 3 ■

1309 2995 173 26 Consideration,
1499 2994 24 22 in
1537 2994 39 21 the
1590 2994 49 21 first
1653 2993 104 27 instance,
1773 2993 89 22 various

1282 3022 87 22 articles
1380 3023 25 21 of
1417 3021 156 23 merchandize
1586 3023 23 18 to
1624 3020 38 21 the
1673 3024 86 17 amount
1769 3020 25 21 of
1802 3020 60 23 £378

1282 3049 98 27 sterling,
1399 3050 36 21 for
1452 3048 37 22 the
1505 3047 71 22 entire
1590 3046 115 27 purchase,
1721 3046 38 21 and
1773 3046 49 23 £40
1839 3046 24 21 in

1283 3076 57 26 cash,
1352 3077 46 22 and
1408 3075 57 28 good
1474 3074 72 23 stated
1555 3077 24 18 to
1589 3080 57 15 nave
1659 3073 57 22 been
1726 3073 54 22 since
1794 3073 66 27 given

1283 3107 21 18 to
1314 3103 38 22 the
1361 3104 87 21 natives
1456 3102 30 27 by
1496 3100 113 22 claimant.

1309 3130 85 23 Nature
1404 3130 26 21 of
1437 3134 141 20 conveyance
1579 3139 27 3 —
1606 3126 66 23 Deed
1680 3126 25 21 of
1712 3126 120 23 Feoffment
1840 3128 22 20 to

1284 3157 42 22 Mr.
1338 3157 61 27 Hay,
1411 3155 66 23 dated
1486 3156 38 21 9th
1534 3154 104 26 October,
1649 3154 61 21 1839.

1310 3184 54 21 Case
1380 3184 45 22 No.
1435 3184 68 21 229—
1503 3181 85 22 Robert
1601 3180 57 27 Tod,
1669 3180 26 21 of
1707 3180 49 21 Port
1769 3179 94 24 Nichol-

1283 3217 46 19 son,
1339 3210 57 23 New
1404 3209 107 25 Zealand,
1522 3210 107 19 claimant.

1310 3237 37 22 All
1356 3237 50 22 that
1413 3237 62 28 piece
1486 3236 26 21 of
1522 3236 55 21 land
1592 3234 115 28 adjoining
1719 3233 33 22 the
1763 3241 45 20 sea,
1820 3234 45 22 and

1284 3264 95 23 situated
1391 3267 24 19 to
1429 3264 37 21 the
1476 3262 66 23 south
1550 3262 45 22 and
1608 3262 31 26 by
1648 3264 53 19 west
1710 3260 26 22 of
1748 3261 32 21 the
1793 3260 71 28 Naly-

1284 3298 60 20 away
1354 3291 97 27 Village,
1460 3289 97 27 running
1564 3288 93 28 parallel
1666 3291 22 18 to
1698 3287 37 22 the
1744 3294 33 15 sea
1784 3288 45 21 and
1834 3295 30 21 up

1284 3321 21 18 to
1315 3318 37 22 the
1362 3318 63 27 ridge
1436 3320 22 19 at
1466 3317 38 21 the
1514 3316 65 21 back.
1608 3315 33 22 Its
1649 3314 112 28 boundary
1768 3314 47 22 line
1823 3315 42 22 lies

1284 3348 22 18 to
1315 3345 37 22 the
1362 3344 68 23 north
1439 3344 45 22 and
1492 3344 31 26 by
1532 3346 54 24 east,
1597 3342 45 23 and
1650 3348 135 15 commences
1793 3344 23 19 at
1826 3342 36 21 the

1285 3371 95 23 distance
1388 3372 27 22 of
1421 3372 42 21 five
1472 3369 105 23 hundred
1583 3368 45 23 and
1637 3368 102 27 eighteen
1746 3368 41 22 and
1794 3368 71 28 eight-

1284 3398 96 23 twelfths
1388 3400 47 21 feet
1444 3398 58 22 from
1512 3405 12 14 a
1539 3397 47 21 line
1595 3396 76 22 drawn
1686 3395 56 22 from
1750 3396 35 21 the
1796 3395 71 28 Naly-

1286 3433 59 19 away
1355 3425 84 22 church
1453 3428 23 19 to
1486 3424 38 22 the
1533 3431 39 14 sea
1579 3431 6 19 ;
1601 3422 38 23 the
1649 3421 104 23 aforesaid
1768 3422 64 28 piece
1843 3422 27 21 of

1284 3452 51 22 land
1344 3452 55 22 then
1416 3458 112 16 measures
1536 3450 59 22 from
1604 3449 66 22 north
1681 3449 45 22 and
1739 3448 25 28 by
1780 3453 49 18 east
1843 3452 24 19 to

1286 3478 64 23 south
1366 3479 45 22 and
1426 3480 30 26 by
1465 3481 55 19 west
1533 3481 43 18 two
1592 3476 103 23 hundred
1709 3475 41 22 and
1763 3476 103 27 fifty-one

1286 3506 42 21 and
1338 3513 14 14 a
1360 3506 52 22 half
1417 3506 56 26 feet;
1483 3506 19 21 it
1510 3511 112 16 measures
1630 3504 58 21 from
1694 3502 36 22 the
1741 3509 32 16 sea
1780 3508 24 17 at
1813 3502 55 27 high

1286 3536 66 18 water
1361 3532 65 22 mark
1435 3535 21 19 to
1465 3531 92 28 beyond
1566 3531 37 22 the
1612 3530 63 26 ridge
1684 3529 88 28 parallel
1789 3533 24 18 to
1829 3530 38 21 the

1286 3567 36 14 sea
1336 3563 44 18 two
1395 3558 105 23 hundred
1514 3558 45 22 and
1578 3558 122 33 thirty-two
1716 3556 47 28 feet,
1778 3556 89 22 besides

1287 3586 187 28 comprehending
1493 3585 38 22 the
1549 3585 64 21 shore
1629 3583 64 22 down
1707 3586 22 18 to
1743 3582 39 23 low
1801 3585 67 20 water

1287 3613 68 22 mark.
1385 3614 116 26 (Contents
1510 3615 39 18 not
1559 3610 89 26 stated.)

1312 3640 97 27 Alleged
1419 3643 23 18 to
1451 3640 57 21 have
1519 3639 56 20 been
1587 3636 124 28 purchased
1726 3636 26 26 by
1761 3636 108 21 claimant

1285 3667 57 22 from
1352 3666 37 22 the
1400 3666 84 22 Native
1492 3664 67 23 Chief
1566 3665 115 21 Muturoa.

1313 3693 176 27 Consideration,
1510 3691 53 22 cash
1578 3694 23 19 to
1619 3690 39 21 the
1676 3692 87 19 amount
1782 3689 26 22 of
1821 3689 48 24 £12

1288 3720 97 28 sterling.
1486 3727 2 6 ■
1780 3732 3 3 -

1312 3747 87 22 Nature
1418 3747 25 21 of
1458 3751 142 21 conveyance
1601 3755 27 4 —
1629 3744 64 21 Deed
1711 3745 24 19 to
1752 3744 114 26 claimant,

1288 3774 66 21 dated
1362 3774 42 22 3rd
1413 3774 107 26 January,
1532 3773 60 20 1840.

1314 3802 56 20 Case
1393 3800 45 22 No.
1461 3801 42 20 229
1528 3798 61 26 (a)—
1589 3798 85 22 Robert
1695 3796 53 27 Tod,
1770 3796 24 23 of
1818 3797 52 22 Port

1288 3827 132 27 Nicholson,
1431 3826 56 22 New
1497 3825 107 27 Zealand,
1616 3825 107 20 claimant.

1313 3854 39 22 All
1362 3854 49 21 that
1419 3854 62 27 piece
1489 3860 25 14 or
1522 3852 74 28 parcel
1604 3852 26 21 Of
1637 3851 52 22 land
1699 3850 93 23 situated
1801 3851 24 22 in
1831 3850 38 23 the

1288 3880 44 28 flat,
1352 3880 75 22 where
1444 3880 40 21 lies
1503 3879 38 21 the
1561 3878 123 27 Nalyaway
1702 3877 90 27 Church,

1288 3907 71 23 which
1375 3906 83 23 church
1471 3907 19 20 it
1503 3906 64 21 bears
1583 3906 29 26 by
1630 3911 106 20 compass,
1753 3906 45 20 and
1817 3912 53 15 runs

1288 3935 65 26 along
1362 3934 39 21 the
1410 3933 62 26 ridge
1482 3935 22 18 to
1514 3932 38 21 the
1561 3932 130 21 south-west
1699 3930 48 21 half
1751 3931 75 27 south;
1840 3932 30 21 its

1288 3960 117 28 boundary
1414 3960 44 22 line
1468 3966 53 15 runs
1535 3959 133 22 north-west
1684 3957 49 23 half
1743 3958 71 27 north,
1825 3958 45 23 and

145 497 248 25 GOVERNMENT
409 498 141 25 NOTICE.

64 542 20 50 I
117 540 159 24 WILLIAM
299 541 112 30 SPAIN,
428 550 12 15 a
464 542 177 24 Commissioner

85 578 13 21 y
132 573 123 31 appointed
271 574 36 23 for
324 574 164 32 investigating
506 574 45 24 and
566 574 74 24 deter-

62 608 82 29 mining
162 606 75 24 Titles
257 607 45 23 and
322 607 86 24 Claims
427 612 22 19 to
471 607 70 24 Land
559 609 24 22 in
602 608 38 23 the

64 641 81 29 Colony
166 639 25 24 of
218 640 57 24 New
299 640 108 29 Zealand,
431 640 28 24 do
480 640 89 32 hereby
590 642 50 30 give

63 674 82 27 Notice,
155 672 49 24 that
216 673 14 23 I
242 673 59 23 shall
311 673 98 31 proceed
420 677 22 19 to
454 674 136 30 investigate
602 674 38 23 the

62 706 207 27 under-mentioned
281 706 88 23 Claims
381 707 24 22 in
416 707 38 23 the
472 707 59 23 Port
545 706 94 24 Nichol-

63 748 35 18 son
108 738 105 29 District,
226 743 24 19 at
259 747 40 22 my
310 739 85 29 Office,
403 740 82 23 situate
492 741 25 22 in
529 740 110 24 Manners

63 776 75 24 Street,
152 771 34 24 Te
203 771 51 24 Aro
273 772 60 29 Flat,
346 773 26 22 in
390 772 150 31 Wellington,
553 780 30 16 on
601 773 38 24 the

64 806 50 27 15th
124 805 44 30 day
179 804 25 24 of
219 805 65 31 May,
299 807 73 27 1842,
386 806 44 23 and
447 806 117 31 following
576 806 62 32 days,

63 845 19 21 at
91 839 76 24 eleven
178 837 89 25 o'clock
277 839 26 22 in
313 838 40 23 the
364 839 116 24 forenoon.

89 872 38 25 All
138 871 85 31 parties
235 872 124 23 interested
367 880 38 15 are
413 872 86 32 hereby
506 874 133 24 summoned

63 912 19 19 to
90 906 27 23 be
126 905 26 22 in
169 905 134 23 attendance
321 905 57 24 with
388 905 59 24 their
457 907 127 29 witnesses,
595 907 45 24 and

63 941 45 29 they
118 936 46 25 will
177 937 28 24 be
223 938 105 31 required
346 943 23 19 to
388 939 99 31 produce
506 940 79 23 before
602 948 37 16 me

63 974 25 24 all
98 971 94 31 original
211 971 78 24 Deeds
308 971 46 24 and
372 972 160 25 Translations
543 973 94 31 thereof,

63 1005 87 30 relating
160 1008 23 19 to
196 1004 59 24 their
273 1005 96 29 Claims,
383 1006 54 23 with
452 1006 100 35 attested
563 1008 75 31 copies

64 1040 20 24 of
96 1038 35 23 the
143 1044 70 21 same,
227 1037 38 24 the
274 1037 69 24 latter
354 1043 25 18 to
390 1038 32 24 be'
429 1039 43 24 left
482 1039 56 24 with
548 1048 45 15 me.

91 1071 46 24 The
151 1070 126 24 Claimants
284 1079 46 15 -are
349 1072 124 29 reminded,
486 1073 52 23 that
555 1072 37 24 the
604 1074 34 23 fee

63 1107 21 24 of
96 1105 33 24 £5
141 1108 62 18 must
213 1103 29 24 be
253 1104 53 31 paid
318 1108 23 20 to
353 1112 38 16 me
402 1105 76 24 before
490 1105 40 24 the
543 1107 94 23 investi-

61 1139 68 32 gation
143 1136 25 25 of
182 1144 46 24 any
246 1137 82 29 Claim,
342 1145 25 16 or
381 1138 23 23 of
419 1146 46 23 any
475 1140 129 30 opposition
616 1143 22 20 to

61 1175 23 22 it.

83 1221 48 22 Case
148 1219 42 22 No.
199 1220 29 21 49
245 1220 38 26 (c.)
285 1231 28 4 —
314 1220 62 21 John
393 1221 84 27 Cregoe
494 1221 82 23 Brown
593 1223 44 22 and

62 1248 74 24 Robert
150 1246 122 28 Campbell,
282 1247 25 21 of
320 1246 98 28 Sydney,
435 1248 135 28 merchants,
586 1251 52 20 clai-

63 1277 58 21 mants
129 1275 22 19 in
156 1275 60 24 part.

85 1302 75 27 16,000,
172 1300 85 22 sixteen
272 1300 114 22 thousand
401 1308 68 20 acres,
479 1309 62 15 more
554 1310 24 14 or
586 1303 50 27 less,

63 1330 56 26 being
134 1327 29 21 all
177 1326 49 22 that
240 1328 62 26 piece
320 1335 25 13 or
360 1328 75 26 parcel
451 1329 24 21 of
491 1329 57 21 land
562 1329 23 21 in
601 1331 36 21 the

64 1356 98 24 Northern
173 1354 77 21 Island
259 1354 25 21 of
291 1354 57 22 New
357 1354 108 28 Zealand,
472 1355 80 22 situate
564 1363 27 14 on
600 1357 37 21 the

64 1385 58 21 rivers
132 1381 77 25 Piunu,
222 1380 129 28 Cokowitta,
360 1381 45 21 and
414 1382 143 27 Ruugapiko;
569 1383 68 22 boun-

65 1409 35 24 ded
106 1409 28 27 by
145 1408 35 21 the
190 1407 60 22 river
259 1407 74 22 Puinu
343 1415 29 14 on
383 1408 36 22 the
430 1409 206 28 south-south-east,

66 1445 21 15 on
101 1436 34 21 the
150 1437 52 19 west
219 1435 30 27 by
266 1434 36 22 the
319 1435 61 21 river
396 1435 144 34 Rungapiko;
559 1443 27 15 on
600 1437 37 21 the

66 1460 192 27 south-south-west
275 1462 28 26 by
316 1462 38 20 the
371 1461 57 22 river
443 1462 142 28 Kekowitta;
601 1464 36 21 the

66 1498 65 15 names
141 1488 26 21 of
176 1488 38 21 the
232 1488 57 22 said-
294 1488 54 21 land
359 1488 66 28 being
433 1488 92 28 Titewa,
537 1490 101 22 Tuwera-

66 1525 54 17 wera,
134 1515 96 27 Tuoloti,
248 1515 117 26 Paratoua,
387 1515 59 21 Wito
466 1516 173 28 Witu-ununga-

65 1545 40 28 poie
120 1542 137 27 Warrabaro,
268 1542 37 21 the
322 1549 67 15 name
404 1542 26 22 of
440 1542 37 22 the
493 1543 71 22 whole
576 1544 63 27 beiu^

65 1569 135 25 Parakiahua.

87 1596 90 26 Alleged
195 1599 23 17 to
237 1595 57 22 have
312 1595 125 27 purchased
455 1596 24 22 in
505 1597 132 27 December,

66 1627 51 24 1839,
126 1623 56 21 from
195 1622 39 22 the
245 1622 80 22 Native
341 1622 71 27 Chief,
425 1623 58 22 John
496 1623 103 27 Towack,
612 1625 27 28 by

67 1653 79 21 Messrs.
164 1649 61 21 John
242 1649 70 22 Jones
326 1649 47 21 and
390 1649 90 23 Francis
497 1651 70 21 Owen
584 1651 55 23 Lea-

66 1679 56 25 thart,
132 1676 48 22 who
190 1676 57 22 have
257 1676 104 27 disposed
369 1676 26 22 of
402 1677 57 21 their
469 1678 90 21 interest
569 1678 23 21 in
604 1679 35 21 the

68 1706 57 22 above
133 1703 53 22 land
195 1706 23 18 to
230 1703 35 21 the
277 1703 124 21 claimants.

87 1730 167 26 Consideration,
265 1733 40 18 not
315 1729 80 22 stated.

86 1759 79 22 Nature
182 1757 25 21 of
225 1764 140 19 conveyance
367 1768 28 3 —
397 1757 63 22 Deed
476 1758 27 21 of
519 1758 121 24 Feoffment

65 1790 17 19 to
91 1785 33 22 the
139 1784 93 27 original
246 1784 138 27 purchasers,
396 1784 66 22 dated
475 1785 56 22 23rd
546 1786 95 22 Decem-

66 1815 37 24 ber,
115 1813 57 20 1839.

86 1841 51 20 Case
148 1839 41 21 No.
200 1837 28 23 70
239 1837 40 27 (a.)
280 1849 29 4 —
311 1837 82 22 Daniel
403 1839 93 26 Cooper,
508 1839 28 21 of
546 1839 37 21 the
593 1841 48 27 City

65 1867 20 22 of
95 1865 97 26 London,
204 1865 123 25 Merchant,
340 1865 76 21 James
428 1865 62 27 Holt,
503 1866 25 21 of
545 1867 94 28 Sydney,

65 1893 116 25 Merchant,
202 1892 45 21 and
267 1892 98 21 William
386 1892 98 22 Barnard
503 1893 96 28 Rhodes,
620 1896 24 20 of

63 1921 90 28 Sydney,
167 1919 84 21 Master
260 1919 107 26 Mariner,
379 1920 114 25 claimants,

84 1947 36 21 All
129 1947 49 20 that
187 1949 57 17 tract
252 1945 26 21 of
289 1945 51 22 land
356 1946 79 22 known
451 1954 22 14 as
484 1947 71 27 Entry
566 1947 74 22 Ibland

63 1982 19 14 ot
91 1972 74 29 Capiti,
171 1970 100 23 'situated
285 1973 25 21 in
322 1973 79 21 Cook's
412 1974 84 27 Straits,
514 1974 57 22 New
585 1975 55 21 Zea-

62 2002 51 21 land.
144 1999 95 26 (Extent
246 2002 39 17 not
295 1999 90 26 staled.)

84 2025 92 27 Alleged
185 2029 22 17 to
217 2025 57 21 have
283 2025 58 21 been
350 2025 123 27 purchased
482 2027 31 26 by
520 2026 37 22 the
566 2026 74 23 claim-

62 2058 48 22 ants,
122 2060 28 14 on
160 2052 35 22 the
210 2053 48 20 31st
268 2051 106 27 October,
391 2054 58 25 1839,
466 2053 59 21 from
538 2053 101 28 Robulla,

63 2079 120 29 llangeiata,
191 2078 68 27 Echo,
271 2078 73 22 Tuma
350 2078 96 28 Eaheao,
455 2079 43 22 Oki
505 2080 134 27 Rangihero.

85 2106 162 25 Consideration
249 2117 26 4 —
277 2105 52 22 cash
344 2109 23 18 to
385 2105 36 23 the
440 2110 94 18 amount
543 2108 26 20 of
580 2107 60 23 £100

64 2135 88 25 sterling.

86 2162 79 21 Nature
184 2159 26 21 of
221 2166 143 20 conveyance
364 2171 29 3 —
393 2159 65 23 Deed
472 2160 26 22 of
512 2160 127 29 Feoffment,

65 2189 19 22 of
91 2189 32 21 the
134 2188 67 21 above
212 2187 57 26 date,
280 2187 22 21 in
312 2187 79 21 favour
400 2187 26 21 of
434 2187 125 23 claimants.

87 2217 49 20 Case
147 2214 41 22 No.
198 2213 27 22 70
236 2215 37 25 (c.)
276 2225 26 4 —
303 2213 84 22 Daniel
402 2215 91 27 Cooper,
505 2215 26 21 of
539 2215 101 28 London,

67 2242 112 24 Merchant,
192 2241 76 21 James
283 2240 62 26 Holt,
358 2241 25 21 of
397 2241 97 28 Sydney,
513 2242 127 26 Merchant,

67 2270 35 21 and
110 2265 94 25 William'
209 2268 99 21 Barnard
315 2267 97 28 Rhodes,
421 2269 25 21 of
449 2269 100 27 Sydnay,
557 2269 85 22 Master

68 2296 92 25 Mariner,
172 2296 115 20 claimants.

91 2323 30 21 All
131 2323 45 21 that
186 2326 57 18 tract
252 2323 25 21 of
288 2322 51 22 land
350 2323 24 21 in
383 2322 37 22 the
434 2322 114 22 Northern
558 2323 82 28 Island,

67 2351 45 20 New
130 2349 109 28 Zealand;
259 2349 108 22 bounded
384 2357 28 14 on
431 2349 38 22 the
487 2354 56 17 west
559 2350 30 27 by
605 2351 36 21 the

67 2382 66 16 waters
152 2377 24 21 of
192 2376 80 22 Cook's
291 2377 87 26 Straits,
397 2377 156 27 commencing
567 2380 23 18 at
605 2377 36 22 the

68 2404 64 21 mouth
155 2411 23 14 or
201 2407 104 18 entrance
328 2403 27 21 of
376 2403 36 22 the
435 2403 120 22 Waibonai
574 2405 68 21 River

69 2430 74 28 (Kapiti
155 2430 92 27 bearing
261 2430 66 21 N.W.
352 2430 31 27 by
398 2431 36 26 N.,
458 2431 45 20 and
519 2431 36 21 W.
573 2431 31 27 by
620 2432 20 21 S.

69 2459 36 24 IS.
120 2458 95 27 magnet)
223 2465 5 20 ;
246 2457 79 22 thence
336 2457 24 21 in
376 2464 14 14 a
404 2457 116 28 northerly
537 2457 105 23 direction

69 2485 55 27 along
139 2485 35 21 the
190 2489 67 22 coast,
278 2488 21 17 to
310 2484 38 21 the
360 2488 106 18 entrance
475 2485 28 20 of
514 2484 38 21 the
562 2485 80 22 Otakie

68 2512 63 26 River,
146 2511 42 22 and
197 2511 56 22 from
264 2511 81 22 thence
357 2512 89 26 turning
456 2515 21 18 to
489 2511 38 22 the
536 2512 106 22 eastward

68 2538 56 27 along
132 2538 36 21 the
178 2538 69 22 banks
257 2538 25 21 of
289 2538 36 21 the
338 2538 80 21 Otakie
425 2546 5 19 ;
445 2546 28 13 on
486 2538 38 21 the
539 2538 66 23 north
614 2540 28 27 by

68 2565 29 21 the
106 2566 44 21 seid
158 2566 57 21 river
222 2570 21 16 to
252 2566 28 21 its
290 2572 86 19 source,
388 2572 24 15 or
422 2570 22 17 to
454 2566 37 21 the
498 2566 143 22 termination

69 2592 19 21 of
93 2600 25 14 an
128 2592 90 27 easterly
225 2592 43 21 line
274 2594 27 19 40
312 2592 65 21 miles
386 2592 46 21 into
442 2592 37 22 the
486 2592 93 22 interior
585 2594 57 21 from

68 2618 30 23 the
106 2624 99 17 entrance
212 2620 26 21 of
244 2620 37 21 the
289 2619 81 22 Otakie
377 2627 5 19 ;
394 2619 78 22 thence
481 2619 91 27 turning
578 2620 64 22 south

69 2646 78 26 parallel
155 2646 52 22 with
217 2646 36 21 the
261 2650 54 18 west
324 2650 69 22 coast,
404 2646 59 22 until
469 2647 17 20 it
496 2651 71 18 meets
576 2654 14 14 a
599 2647 43 22 line

68 2674 84 26 running
169 2673 94 27 easterly
272 2674 27 21 30
319 2673 64 22 miles
399 2673 57 22 from
475 2674 40 21 the
535 2674 107 22 aforesaid

68 2700 66 21 mouth
144 2700 23 22 of
175 2700 36 21 the
222 2700 119 21 Waikanai
351 2700 98 27 opposite
462 2700 87 28 Kapiti;
561 2701 46 22 and
614 2709 27 14 on

68 2726 30 22 the
113 2728 60 21 south
187 2727 31 27 by
233 2727 37 22 the
282 2726 118 23 Waikanai
411 2731 21 18 to
443 2728 29 21 its
482 2735 86 19 source,
580 2735 26 15 or
614 2736 28 14 an

69 2754 81 27 easterly
164 2754 44 21 line
222 2756 27 20 40
263 2754 63 22 miles
337 2753 59 22 from
412 2755 38 21 the
468 2754 78 22 mouth
567 2755 26 22 of
607 2756 35 21 the

68 2780 39 23 said
114 2782 60 26 river,
187 2782 117 26 (Contents
315 2785 42 18 not
366 2782 90 26 stated.)

89 2808 87 27 Alleged
186 2812 21 18 to
217 2808 57 22 have
280 2808 57 22 been
346 2808 126 28 purchased
477 2808 24 22 in
506 2808 135 28 November,

69 2835 49 27 1839,
131 2835 29 28 by
168 2835 37 22 the
216 2835 120 27 claimants,
355 2836 57 21 from
427 2836 39 21 the
474 2836 85 21 Native
569 2836 75 22 Chiefe

69 2861 77 28 Aready
155 2862 43 22 and
207 2862 105 23 Tuanini.

89 2888 158 23 Consideration
247 2900 28 5 —
275 2888 154 23 merchandise
441 2893 23 18 to
472 2889 40 22 the
523 2893 92 19 amount
621 2891 26 21 of

70 2914 49 23 £150
126 2916 96 27 sterling.

90 2942 77 23 Nature
176 2944 24 21 of
207 2951 142 20 conveyance
350 2954 29 4 —
379 2943 65 22 Deed
451 2943 26 22 of
478 2943 133 22 .Feoffment
619 2945 23 21 in

69 2968 65 23 favour
144 2971 24 21 of
172 2970 120 24 claimants,
304 2970 69 22 dated
386 2970 39 22 oth
434 2970 137 26 November,
583 2972 59 21 1839.

90 2996 48 23 Case
152 2998 41 21 No.
209 2998 32 27 72,
244 3009 26 4 —
270 2998 100 22 William
385 2998 85 27 Cooper
484 2997 48 22 and
546 2998 96 22 William

70 3021 47 29 Hay,
125 3024 52 22 both
187 3024 25 22 of
217 3025 96 27 Sydney,
324 3026 116 20 claimants.

91 3050 33 23 All
138 3051 46 22 that
198 3052 54 21 land
268 3060 28 14 on
312 3052 38 21 the
366 3052 132 21 south-west
512 3051 47 22 side
570 3050 25 23 of
607 3052 35 22 the

70 3075 68 24 Parara
141 3078 72 27 River,
221 3079 119 27 extending
346 3079 35 21 six
386 3079 63 21 miles
456 3078 125 22 south-east
585 3078 57 22 from

70 3102 98 25 liobulla's
174 3106 56 27 Pier,
240 3106 43 22 and
291 3110 43 17 two
349 3105 63 22 miles
426 3105 78 22 inland
512 3106 128 26 south-east,

70 3136 18 15 or
95 3130 119 24 howsoever
220 3133 115 21 otherwise
343 3133 39 21 the
392 3133 48 21 said
447 3132 55 22 land
511 3133 21 21 &
537 3133 105 27 premises

71 3163 18 14 or
97 3165 39 21 any
145 3163 47 24 part
204 3160 90 22 thereof
301 3160 20 22 is
331 3160 113 27 bounded,
456 3160 87 26 situate,
554 3160 86 27 known,

71 3190 18 14 or
97 3185 157 28 distinguished.
285 3187 120 26 (Contents
415 3191 42 17 not
466 3186 91 27 stated.)

91 3212 86 28 Alleged
186 3217 23 18 to
219 3214 56 22 have
284 3214 59 22 been
352 3213 125 29 purchased
493 3213 59 22 from
569 3213 73 28 Ringa

72 3236 40 23 Ako
120 3247 24 13 or
153 3240 53 27 Eko,
218 3241 62 21 chief
291 3241 27 21 of
327 3241 40 21 the
378 3241 55 21 tribe
444 3241 26 21 of
482 3240 98 22 Carfrea.

95 3266 157 24 Consideration
261 3279 30 4 —
296 3267 166 27 merchandize,
501 3267 67 22 value
606 3270 38 19 not

72 3293 66 21 stated.

91 3318 77 24 Nature
177 3321 25 22 of
221 3329 143 20 conveyance
364 3333 29 4 —
393 3321 67 23 Deed
476 3324 25 18 to
521 3321 121 27 claimants,

72 3344 54 24 dated
136 3348 47 22 10th
193 3349 26 21 of
231 3349 103 26 October,
346 3350 63 20 1839.

92 3373 49 23 Case
160 3375 42 22 No.
221 3378 33 20 90.
256 3387 28 4 —
284 3377 99 21 Thomas
399 3375 85 27 Evans,
503 3375 28 21 of
547 3374 97 29 Sydney,

73 3400 71 22 Master
152 3402 106 28 Mariner,
269 3405 108 19 claimant.

92 3427 19 21 A
118 3427 59 28 piece
187 3430 26 22 of
226 3431 53 21 land
294 3438 29 14 on
340 3429 72 28 Capiti
431 3437 32 14 or>
472 3429 74 27 Entry
562 3428 83 27 Island,

73 3454 34 21 and
115 3457 74 21 known
198 3457 30 28 by
238 3457 37 23 the
285 3464 68 15 name
362 3457 26 21 of
398 3456 129 27 Rangetara
538 3463 24 14 or
571 3456 76 27 Roup-

71 3485 53 21 poras
133 3482 67 29 Point,
211 3485 38 21 the
258 3485 107 22 northern
371 3483 117 27 boundary
494 3483 153 26 commencing

73 3509 18 18 at
98 3514 11 14 a
115 3508 52 29 deep
180 3511 72 28 valley
267 3515 23 18 to
305 3511 40 22 the
361 3511 67 21 north
443 3510 47 22 side
505 3509 27 22 of
548 3509 37 22 the
601 3510 46 22 said

73 3534 54 27 point,
137 3536 21 22 in
167 3537 72 23 which
246 3539 74 27 valley
326 3538 65 22 there
399 3537 20 22 is
436 3545 13 14 a
465 3544 41 14 run
524 3536 26 22 of
566 3539 67 19 water
639 3545 6 19 ;

74 3560 34 22 and
115 3559 98 27 bounded
223 3572 28 15 on
261 3565 37 22 the
308 3565 66 22 south
386 3565 24 21 of
416 3564 38 22 the
465 3564 48 22 said
518 3563 64 28 point

74 3593 10 14 a
98 3589 55 23 small
170 3591 63 26 point
249 3600 23 14 as
290 3591 95 23 marked
399 3591 29 28 by
444 3591 38 23 the
497 3590 48 23 said
565 3590 81 28 chiefs;

74 3614 34 22 and
115 3615 101 25 bounded
230 3626 29 15 on
275 3619 40 22 the
329 3623 49 18 east
393 3619 44 22 and
451 3626 29 14 on
494 3618 40 21 the
548 3620 56 19 west
617 3618 30 27 by

56 3654 2 4 •
75 3640 66 23 Cook's
150 3645 82 23 Straits.
263 3646 119 26 (Contents
392 3653 28 15 on
429 3645 94 26 stated.)
565 3664 4 4 .

94 3669 87 28 Alleged
202 3676 23 18 to
248 3672 57 23 have
328 3674 60 21 been
410 3671 128 30 purchased
561 3667 31 31 by
610 3671 36 22 the

75 3694 94 31 claimant,
187 3699 25 22 in
228 3700 104 26 October,
354 3701 60 26 1839,
433 3700 61 21 from
511 3699 38 21 the
566 3697 81 23 Native

75 3721 57 23 chiefs
140 3724 114 29 Rouppora
263 3727 43 21 and
316 3727 128 26 Rangietta.

95 3748 156 27 Consideration
251 3765 28 4 —
279 3753 158 22 merchandize
446 3756 22 19 to
478 3753 40 23 tlie
529 3755 91 19 amount
625 3752 26 22 of

75 3774 49 24 £100
132 3779 96 28 sterling.

94 3802 77 25 Nature
181 3807 25 21 of
218 3814 142 20 conveyance
371 3810 40 18 not
418 3807 79 22 stated.

96 3829 47 23 Case
152 3832 40 22 No.
204 3835 27 20 90
241 3835 31 26 (a)
291 3835 99 21 Thomas
404 3834 85 27 Evans,
506 3833 28 22 of
550 3832 95 29 Sydney,

76 3856 69 23 Master
153 3860 101 29 Mariner,
266 3862 108 20 claimant.

75 3883 38 24 PiA
121 3885 50 22 rock
180 3894 24 14 or
213 3889 64 20 small
286 3887 74 22 island
369 3887 24 21 in
404 3887 80 22 Cook's
495 3887 85 26 Straits,
592 3887 55 22 New

76 3909 88 30 Zealand,
174 3913 80 23 known
264 3915 30 27 by
305 3915 38 20 the
352 3913 74 22 native
438 3922 66 13 name
516 3914 69 21 Mutu
595 3913 52 22 Ral-

75 3935 53 37 jljlah,
147 3939 42 22 and
204 3941 29 27 by
247 3942 37 21 the
304 3942 117 26 European
441 3948 67 14 name
529 3941 24 21 of
574 3941 73 27 Rangi

75 3965 63 22 woa's
148 3966 80 23 Island.
258 3969 118 26 (Contents
386 3972 38 17 not
433 3967 91 26 stated.)
