2540 4039
567 39 106 54 d)*
692 46 120 43 WJ*a
835 46 210 42 S&mnb
1066 44 197 49 mt&ttt
1284 44 95 41 aim
1400 42 302 48 CBltfttngton
1727 39 252 52 ftpcrtator.

1310 130 97 30 Alleged
1415 129 89 23 to'have
1517 130 60 22 been
1586 129 124 28 purchased
1724 129 31 28 by
1765 129 108 23 claimant

1282 158 57 22 from
1358 158 39 22 the
1414 157 75 22 native
1509 156 77 28 chiefs,
1610 157 34 21 Te
1666 156 60 27 Eria,
1751 155 116 29 Kaiwaka,

1283 183 205 28 Ewafe/Ngatura,
1497 182 91 28 Taraki,
1600 182 45 23 and
1654 190 69 20 many
1734 183 82 21 others.

1311 210 167 23 Consideration
1486 211 67 26 given
1561 212 24 19 to
1595 209 38 23 the
1643 209 95 28 natives,
1745 216 15 15 a
1769 209 104 28 quantity

1284 238 27 22 of
1317 237 162 26 merchandize,
1489 237 67 22 value
1565 239 42 19 not
1616 235 78 23 stated.

1311 264 85 22 Nature
1420 263 25 23 of
1464 270 143 21 conveyance
1608 274 28 4 —
1637 262 69 27 Deed,
1729 261 68 23 dated
1821 261 51 23 15th

1285 291 120 27 February,
1417 291 60 21 1840.

1497 315 149 24 WILLIAM
1660 315 103 28 SPAIN,

1663 342 180 23 Commissioner.

1452 388 68 21 Port
1534 388 31 21 of
1574 387 136 28 'London.,

1336 421 90 23 Notice
1444 428 29 14 to
1492 428 45 14 the
1558 420 95 22 Pubiic.
1654 430 28 5 —
1682 420 126 22 Travellers
1827 420 46 22 and

1285 447 73 23 others
1367 447 51 23 who
1427 447 55 23 send
1491 447 109 27 baggage,
1609 447 73 22 works
1691 447 26 21 of
1728 451 42 23 art,
1777 454 25 14 or
1809 446 64 23 other

1285 475 65 22 value
1358 479 105 24 property
1472 477 24 19 to
1505 474 113 26 England,
1635 473 82 23 should
1731 474 94 26 consign
1834 474 38 22 the

1285 502 109 27 packages
1404 505 23 19 to
1436 503 39 21 the
1484 508 51 15 care
1541 501 27 21 of
1574 508 14 14 a
1594 500 98 22 licensed
1698 501 174 21 Custom-house

1285 532 73 24 agent,
1374 536 24 14 as
1415 527 88 24 articles
1517 534 38 16 are
1571 527 127 28 frequently
1711 527 98 28 injured,
1827 527 46 22 and

1285 555 101 23 needless
1395 562 97 21 expense
1506 554 113 27 incurred,
1635 554 36 22 for
1685 554 39 22 the
1739 557 65 21 want,
1816 554 26 22 of
1858 561 15 15 a

1284 590 80 20 proper
1373 589 79 21 person
1463 585 24 19 to
1496 581 53 23 take
1558 581 82 28 charge
1651 581 25 22 of
1692 581 63 22 them
1769 588 30 15 on
1815 581 58 23 their

1286 609 86 27 arrival,
1383 609 45 23 and
1437 616 36 16 see
1487 609 62 22 them
1567 607 98 28 entered,
1683 608 127 27 examined,
1827 607 46 23 and

1285 636 108 28 carefully
1406 635 118 30 repacked.
1558 635 49 23 The
1626 635 80 28 charge
1722 635 21 22 is
1757 635 39 23 the
1809 637 63 20 'same

1285 662 99 23 whether
1392 670 31 15 so.
1426 662 122 28 consigned
1558 669 27 15 or

1334 690 171 22 Custom-house
1515 689 119 26 Chamber,
1645 689 103 27 London,

1286 750 139 47 DEVOY
1434 750 45 23 and
1489 751 54 26 CO.,
1558 751 46 20 who
1617 757 38 14 are
1670 752 34 19 the
1718 750 156 22 LICENSED

1365 778 124 21 AGENTS
1497 778 28 25 of
1534 778 49 21 Her
1589 779 91 25 Majesty
1681 780 6 10 1
1688 784 10 14 !
1706 778 167 21 Commissioners

1285 804 27 25 of
1323 804 100 27 Customs,
1433 806 42 20 and
1487 805 68 21 under
1564 805 64 27 heavy
1636 806 62 20 bonds
1710 805 39 25 for
1760 806 35 19 the
1804 804 68 26 safety

1286 831 27 25 of
1317 834 111 24 property
1437 832 110 32 consigned^
1560 834 23 19 to
1598 834 63 24 them,
1679 833 45 26 beg
1742 832 64 21 those
1823 832 50 21 who

1286 858 55 22 send
1349 859 110 27 packages
1468 863 24 18 to
1501 859 59 22 their
1570 867 57 19 care,
1643 862 23 19 to
1675 867 38 14 see
1722 858 50 23 that
1781 858 55 23 each
1844 859 28 21 be

1286 884 114 29 distinctly
1417 886 93 22 marked
1657 886 44 22 and
1721 886 48 27 Co.,
1790 885 83 22 Lower

1286 912 198 28 Thames-street,
1625 912 46 23 and
1675 913 37 22 the
1718 912 42 23 bill
1766 912 26 22 of
1797 912 77 27 lading

1286 945 25 14 or
1323 940 86 26 receipt
1422 940 124 21 forwarded
1564 942 24 19 to
1605 940 63 22 them
1685 939 72 22 direct
1771 940 31 26 by
1816 941 56 25 post,

1285 965 54 22 with
1346 965 144 23 instructions
1499 966 51 21 how
1561 966 56 22 such
1624 966 70 27 goods
1703 973 39 14 are
1752 969 23 18 to
1786 968 30 19 be
1830 964 43 23 dis-

1286 992 68 26 posed
1364 992 26 21 of
1401 999 29 16 on
1438 992 80 22 arrival
1527 1000 6 20 ;
1549 992 47 22 and
1602 1000 23 15 as
1634 999 65 20 every
1706 992 101 28 package
1814 995 60 18 must

1286 1019 27 21 be
1330 1019 86 27 opened
1436 1022 23 19 at
1477 1018 38 23 the
1533 1019 179 27 Custom-house,
1731 1018 22 22 if
1772 1025 46 21 any
1835 1025 38 16 are

1285 1045 87 28 locked,
1383 1046 37 22 the
1429 1046 55 27 keys
1493 1045 82 22 should
1583 1046 29 22 be
1621 1045 132 23 forwarded.

1315 1072 76 23 Goods
1401 1072 44 23 and
1453 1073 112 28 packages
1574 1080 38 15 are
1620 1072 125 23 forwarded
1754 1072 31 27 by
1795 1072 78 26 Devoy

1286 1100 44 21 and
1341 1100 37 21 Co.
1390 1103 22 18 to
1422 1099 30 22 all
1466 1103 61 24 parts
1540 1100 26 21 of
1579 1100 38 22 the
1633 1100 134 26 Continent,'
1774 1098 37 22 the
1820 1098 55 23 East

1287 1126 43 21 and
1341 1126 62 22 West
1412 1126 80 26 Indies,
1503 1126 111 28 Colonies,
1624 1127 41 21 &c.
1676 1128 41 21 &c.
1725 1134 7 24 j
1744 1125 53 27 and,
1807 1126 21 21 if
1838 1133 42 15 re-

1287 1153 84 27 quired,
1383 1156 50 19 sent
1446 1157 23 18 to
1478 1154 39 21 the
1529 1161 51 14 care
1632 1152 137 29 responsible
1786 1152 87 28 houses,

1287 1179 49 22 who
1350 1180 45 22 will
1411 1187 36 15 see
1464 1180 37 22 the
1517 1180 146 22 instructions
1678 1183 51 19 sent
1743 1179 55 23 with
1814 1179 61 23 them

1285 1206 132 28 punctujvlly
1426 1207 108 22 attended
1543 1210 31 18 to.

1313 1234 40 21 All
1362 1234 68 26 goods
1440 1233 45 22 and
1493 1233 111 29 packages
1614 1234 35 21 for
1658 1234 113 27 shipment
1778 1236 59 19 must
1845 1234 29 21 be

1287 1260 159 28 accompanied
1455 1261 30 27 by
1501 1260 90 22 written
1604 1261 122 21 instructio'
1770 1260 51 22 with
1836 1260 38 22 the

1287 1294 64 15 name
1362 1287 45 22 and
1416 1288 89 21 address
1515 1287 26 22 of
1554 1287 39 22 the
1602 1288 82 27 parties
1691 1288 31 27 by
1736 1305 3 4 .
1764 1295 41 14 .ora
1821 1286 54 29 they

1287 1321 36 15 are
1337 1317 56 25 sent,
1410 1314 45 23 and
1470 1314 38 22 the
1522 1317 104 19 contents
1639 1315 45 21 and
1697 1314 68 22 value
1782 1314 25 22 of
1819 1313 56 23 each

1286 1340 99 28 package
1395 1340 78 24 stated.
1502 1342 48 21 The
1566 1342 55 26 duty
1631 1342 110 21 outwards
1755 1342 19 21 is
1785 1343 42 20 10*.
1835 1349 40 20 per

1286 1368 61 22 £100
1362 1368 73 22 value.
1472 1368 48 22 The
1536 1371 48 19 rate
1600 1368 26 22 of
1638 1368 120 22 insurance
1776 1368 98 28 depends

1287 1402 60 20 upon
1357 1395 181 23 circumstances.
1567 1395 45 22 For
1628 1396 85 21 further
1729 1395 145 22 information

1286 1422 67 27 apply
1378 1425 23 18 to
1423 1422 45 22 Mr.
1488 1423 94 21 Samuel
1608 1422 100 27 Revans,
1729 1422 144 27 Wellington,

1287 1448 53 22 Port
1348 1448 130 22 Nicholson.

1497 1494 164 20 Education.

1289 1526 106 49 MRS.
1416 1526 45 22 and
1478 1526 73 22 MISS
1575 1526 190 23 WAKEFIELD
1789 1528 85 22 receive

1377 1554 73 27 pupils
1460 1560 29 15 on
1499 1553 38 22 the
1547 1553 115 28 following
1670 1558 69 18 terms
1745 1562 5 13 :
1751 1566 30 4 —

1313 1587 44 21 For
1375 1587 76 27 board,
1471 1587 54 22 with
1543 1588 101 26 washing
1658 1588 45 22 and
1717 1589 36 20 in-

1341 1615 107 21 struction
1452 1614 23 21 in
1480 1614 94 27 general
1580 1615 91 26 English
1678 1615 76 21 litera-

1341 1644 56 23 ture,
1414 1641 94 27 writing,
1523 1641 46 21 and
1581 1641 115 28 aritmctic,
1713 1649 42 20 per

1341 1670 90 25 quarter
1755 1671 12 20 8
1795 1671 12 19 8
1835 1672 13 19 0

1313 1694 79 22 Under
1401 1695 13 21 7
1422 1701 64 20 years
1497 1695 26 21 of
1535 1701 41 20 age
1755 1697 12 21 7
1795 1698 14 20 7
1835 1698 14 20 0

1313 1721 51 28 Day
1375 1721 103 22 boarders
1753 1724 14 20 4
1794 1724 15 20 4
1835 1726 13 19 0

1315 1749 51 26 Day
1375 1748 72 27 pupils
1755 1751 12 20 2
1795 1752 14 19 2
1835 1752 14 20 0

1313 1775 82 21 Junior
1405 1775 55 22 ditto
1756 1778 9 20 1
1783 1778 24 21 11
1835 1779 13 20 6

1286 1801 95 28 French,
1398 1801 87 28 Italian,
1502 1801 46 23 and
1561 1801 115 29 Drawing,
1686 1803 33 22 £1
1736 1805 45 20 11s.
1791 1804 35 21 6d.
1836 1812 40 20 per

1531 1832 98 25 quarter.

1314 1855 90 22 Private
1413 1855 84 22 lessons
1506 1856 25 21 in
1541 1857 77 26 music,
1633 1864 24 14 or
1666 1864 45 20 any
1721 1857 27 21 of
1758 1858 38 21 the
1806 1858 69 22 above

1287 1883 109 21 branches
1407 1883 25 21 of
1443 1883 126 26 education,
1586 1890 42 15 one
1644 1883 74 22 hour's
1734 1884 140 28 instruction,

1286 1910 51 21 four
1345 1909 86 22 lessons
1448 1909 35 22 for
1493 1917 43 14 one
1546 1910 91 27 guinea.

1313 1944 136 21 References
1459 1946 21 18 to
1491 1944 38 20 the
1537 1943 115 28 following
1659 1944 129 28 gentlemen
1799 1945 77 28 kindly

1287 1970 120 28 permitted
1414 1978 5 13 :
1420 1981 29 4 —

1314 2002 63 27 Capt.
1388 2001 35 22 W.
1434 2002 33 22 M.
1478 2003 80 26 Smith,
1570 2003 67 27 R.A.,
1647 2004 228 27 Surveyor-General.

1313 2029 26 21 T.
1353 2029 30 21 M.
1397 2028 122 29 Partridge,
1531 2029 54 28 Esq.

1314 2056 22 20 S.
1348 2055 96 27 Revans,
1456 2056 52 27 Esq.

1382 2102 91 21 Union
1487 2102 82 20 Bank,
1583 2102 29 21 of
1630 2103 149 21 Australia.

1288 2135 94 23 London
1401 2137 91 25 Office,
1509 2135 44 21 No.
1568 2137 36 25 3S,
1623 2136 50 21 Old
1688 2137 186 22 Broad-street.

1341 2169 94 28 Capital,
1444 2169 123 27 £800,000;
1588 2169 52 28 paid
1648 2177 36 20 up,
1701 2170 120 27 £500,000.

1521 2207 120 13 BIRBCTOR.S:

1393 2234 68 21 George
1468 2234 38 16 Fife
1513 2234 69 21 Angas,
1590 2234 49 20 Esq.,

1393 2255 67 17 Hubert
1466 2255 76 19 Brooks,
1551 2255 50 20 iisq.,

1393 2276 60 17 James
1461 2276 48 16 John
1517 2276 99 19 Cummins,
1625 2275 48 20 Esq.,

1393 2297 67 17 Robert
1467 2296 97 19 Gardener,
1576 2297 48 20 Esq.,
1636 2297 122 20 Manchester,

1392 2318 47 16 John
1448 2318 46 16 Gore
1510 2318 49 19 lisq.,

1392 2338 47 17 John
1447 2338 80 16 William
1534 2338 75 19 Buckle,
1615 2338 49 21 Esq.,

1392 2359 95 20 Benjamin
1495 2359 22 16 12.
1524 2359 64 20 Lindo,
1595 2359 49 20 Esq.,

1393 2380 72 17 Charles
1474 2380 76 16 Edward
1557 2379 88 22 Mangles,
1654 2380 48 20 Esq.,

1393 2401 115 21 Christopher
1515 2401 83 19 Rawson,
1607 2401 49 19 Esq.,
1666 2401 83 21 Halifax,

1392 2422 78 17 Thomas
1478 2422 63 19 Sands,
1550 2422 49 20 Esq.,
1607 2421 99 21 Liverpool,

1392 2443 62 17 Jitmcs
1461 2443 56 20 Bogle
1525 2442 64 20 Smith,
1595 2443 49 19 Esq.,

1393 2464 61 16 James
1461 2463 80 17 lluddell
1548 2464 57 19 Todcl,
1612 2464 42 19 Esq.

1287 2485 96 16 Trustees:
1399 2486 81 16 Ui:okg£
1491 2485 57 15 Cakr
1560 2485 61 17 Glyn,
1633 2484 47 20 Esq.,
1691 2485 53 15 John
1757 2485 61 19 Cur£,
1827 2486 50 20 Esq.,

1433 2506 35 16 and
1476 2506 67 16 Jajit.s
1550 2505 17 16 J.
1575 2506 100 19 Cummins,
1685 2506 44 20 Esq.

1313 2533 93 17 Bankers:
1417 2533 75 17 Messrs.
1499 2533 63 18 Glyn,
1574 2533 112 19 llallii-'ax,
1696 2534 72 19 Mills,
1776 2534 35 16 and
1819 2534 30 17 Co.

1407 2554 101 21 Secretary:
1521 2554 84 16 Samuel
1611 2554 93 19 Jacksos,
1713 2555 43 20 Esq.

1378 2575 79 17 Colonial
1464 2575 105 21 Inspector:
1581 2576 17 15 J.
1606 2575 18 16 C.
1632 2575 102 19 Al'Labsn,
1744 2576 42 20 Ji&q.

1409 2624 68 20 New
1496 2622 123 21 Zealand
1638 2623 115 21 Branch.

1287 2657 54 17 Local
1347 2657 91 17 Directors
1443 2662 6 12 :
1464 2657 47 17 Geo.
1524 2657 17 16 S.
1553 2657 73 17 Evans,
1638 2657 47 21 Esq.,
1699 2657 70 19 D.C.L.,
1782 2658 36 16 and
1829 2659 48 15 Geo.

1507 2678 93 19 Hunter,
1612 2678 43 20 Esq.
1701 2679 2 7 '

1287 2707 96 20 Manager:
1395 2707 47 16 John
1451 2707 73 19 Smith,
1531 2706 50 20 Esq.,
1589 2706 37 16 late
1633 2706 19 16 of
1660 2707 31 15 the
1699 2706 117 17 Commercial
1824 2707 53 16 Bank

1455 2727 20 17 of
1484 2727 90 21 England,
1586 2727 122 17 Manchester.

1397 2754 114 23 Branches
1522 2758 23 19 at
1561 2754 97 28 Sydney,

1561 2782 10 21 1
1577 2782 73 21 lobart
1658 2782 76 27 Town,

1562 2809 9 21 1
1579 2813 131 23 <aunceston,
1723 2809 46 22 and

1562 2836 10 21 1
1583 2840 33 17 ort
1626 2836 79 27 Philip.

1290 2864 51 21 Port
1351 2862 130 27 Nicholson,
1493 2862 81 22 March
1584 2864 34 24 24,
1630 2864 60 21 1810.

1290 2916 91 50 THE
1397 2916 114 23 Directors
1529 2915 26 22 of
1570 2916 39 22 the
1625 2916 55 23 New
1697 2916 102 23 Zealand
1812 2917 66 22 Land

1363 2943 116 29 Company
1493 2943 84 27 hereby
1595 2943 50 27 give
1661 2944 83 26 notice,
1761 2944 50 22 that
1825 2945 53 27 they

1289 2971 55 22 have
1352 2977 112 16 EFFECTED
1475 2978 30 14 AN
1515 2977 172 16 ARRANGEMENT
1695 2971 55 22 with
1757 2972 38 21 the
1803 2971 74 22 Ullioil

1287 2997 66 22 Bank
1367 2998 26 21 of
1409 2998 120 26 Australia,
1546 2997 45 22 No.
1608 2998 34 26 3S,
1656 2998 45 21 Old
1717 2998 160 28 Broad-street,

1288 3025 102 27 London,
1401 3024 34 22 for
1444 3024 37 21 the
1494 3024 170 23 establishment
1677 3025 26 22 of
1717 3033 14 13 a
1747 3026 131 22 BRANCH

1288 3052 95 31 BANK.
1391 3052 35 22 IN
1439 3051 74 22 NEW
1526 3051 158 28 ZEALAND,
1699 3052 98 28 through
1806 3053 73 22 which

1289 3078 36 22 the
1334 3078 102 23 business
1449 3078 26 22 of
1487 3078 39 22 the
1543 3078 59 23 New
1616 3078 102 23 Zealand
1731 3079 66 22 Land
1813 3080 66 22 Com-

1287 3113 60 20 pany
1355 3105 47 23 will
1409 3106 28 21 be
1446 3105 137 23 transacted.
1611 3105 48 22 The
1674 3106 116 22 Directors
1805 3106 74 23 there-

1287 3134 46 20 fore
1343 3132 146 22 recommend
1497 3136 24 18 to
1538 3132 111 22 Colonists
1664 3132 39 22 the
1722 3133 76 22 Union
1814 3134 66 22 Bank

1289 3160 24 21 of
1331 3159 115 22 Australia
1463 3167 24 14 as
1506 3167 29 14 an
1562 3159 170 23 establishment
1753 3161 127 26 possessing

1287 3186 57 22 their
1361 3186 70 22 entire
1454 3186 139 28 confidence,
1612 3186 46 22 and
1676 3186 51 22 able
1746 3190 23 18 to
1787 3188 92 30 provide

1288 3212 126 29 effectually
1429 3213 34 21 for
1478 3213 40 22 the
1531 3213 108 22 financial
1652 3217 72 19 wants
1741 3214 26 22 of
1778 3215 37 21 the
1831 3215 49 22 first

1288 3240 134 22 settlement.

1454 3266 36 28 By
1499 3266 68 22 order
1576 3267 26 22 of
1611 3266 40 22 the
1659 3267 82 28 Board,

1532 3301 87 21 JOHN
1633 3301 106 27 WARD,
1754 3302 124 29 Secretary.

1288 3327 55 22 New
1353 3327 101 22 Zealand
1462 3327 66 22 Land
1538 3327 137 28 Company's
1683 3328 81 28 Office,

1314 3356 20 23 1,
1344 3354 162 27 Adam-street,
1517 3353 107 29 Adelphi,
1633 3354 53 23 27th
1695 3355 62 26 Aug.
1777 3356 59 22 1839.

1290 3398 91 50 THE
1405 3400 79 20 Nelsdn
1506 3400 120 20 Examiner
1648 3400 43 20 and
1711 3401 54 20 New
1787 3402 95 20 Zealand

1364 3426 109 21 Chronicle
1489 3426 129 29 (published
1626 3429 23 18 at
1658 3426 103 28 Nelson,)
1778 3428 19 21 is
1813 3435 67 21 regu-

1287 3454 57 26 larly
1362 3454 142 21 transmitted
1520 3456 23 19 to
1559 3452 145 28 Wellington,
1717 3454 54 22 .and
1785 3462 52 21 may
1852 3456 27 22 be

1287 3480 43 22 had
1341 3483 24 19 at
1373 3479 39 23 the
1423 3480 62 22 office
1496 3480 26 21 of
1533 3479 45 22 this
1586 3487 75 21 paper.

1313 3507 49 23 The
1370 3508 82 20 Nelson
1460 3508 119 20 Examiner
1595 3506 45 23 will
1648 3507 27 22 be
1684 3508 72 22 found
1765 3516 30 14 an
1805 3509 75 23 excel-

1286 3534 48 22 lent
1341 3534 100 22 medium
1451 3534 35 22 for
1496 3534 141 22 advertisers.

1312 3562 80 22 Terms
1402 3562 34 22 for
1446 3561 37 21 the
1492 3568 77 21 paper,
1579 3565 39 18 ten
1626 3561 101 28 shillings
1741 3569 40 20 per
1789 3566 91 24 quarter

1287 3588 94 28 payable
1390 3588 24 22 in
1424 3588 108 22 advance.

1313 3615 84 22 Orders
1420 3615 35 22 for
1474 3615 38 21 the
1535 3622 69 21 paper
1625 3615 46 22 and
1693 3615 185 25 advertisements

1287 3641 105 23 received
1402 3645 22 19 at
1433 3642 38 22 the
1481 3642 72 22 Office
1565 3643 25 21 of
1602 3642 44 22 this
1654 3649 78 21 paper.

1525 3687 107 21 Notice.

1288 3720 91 50 THE
1392 3719 232 23 UNDERSIGNED
1633 3720 84 28 having
1724 3728 15 14 a
1746 3721 61 28 large
1816 3722 62 22 stock

1348 3746 26 22 of
1387 3747 116 22 fire-wood
1515 3755 29 14 on
1562 3747 68 27 hand,
1640 3748 75 22 would
1727 3748 28 22 be
1772 3748 74 29 happy
1854 3753 24 17 to

1287 3774 79 28 supply
1377 3774 82 27 parties
1476 3774 55 22 with
1547 3781 46 21 any
1602 3775 102 27 quantity
1704 3786 29 4 —
1733 3776 60 22 from
1806 3779 39 19 ten
1854 3779 24 19 to

1286 3801 45 21 five
1347 3800 104 22 hundred
1466 3800 65 22 loads
1538 3809 6 19 ;
1561 3802 45 20 also
1622 3809 66 20 spars,
1704 3802 71 27 poles,
1790 3803 87 27 rafters,

1286 3835 27 14 an
1319 3828 15 21 d
1343 3828 69 21 knees
1426 3828 35 21 for
1478 3828 169 28 ship-building,
1658 3833 22 17 to
1696 3829 29 22 be
1740 3829 68 22 taken
1819 3830 59 22 from

1286 3854 238 22 Wordsworth-street.
1563 3855 65 22 Price
1647 3858 22 20 to
1687 3856 29 22 be
1740 3856 81 27 agreed
1840 3864 36 20 on,

1287 3888 61 21 upon
1358 3880 134 29 application
1503 3885 22 18 to

1569 3927 2 7 ,
1586 3909 83 23 Baker
1680 3909 114 28 Polhill,

1647 3944 35 21 At
1694 3943 47 22 Dr.
1752 3944 124 23 Butler's.

1286 3968 143 28 Wellington,
1442 3969 64 26 April
1518 3970 32 25 14,
1562 3971 60 22 1842.

1899 131 51 47 A
1976 127 134 28 HEWITT,
2121 127 161 27 Fishmonger,
2294 128 108 24 Lambton
2409 132 61 29 Quay

1953 166 12 12 •
1981 155 146 26 Wellington,
2133 157 90 19 returns
2232 153 35 22 his
2275 154 85 22 sincere
2369 155 80 26 thanks
2456 165 19 19 to

1899 181 39 23 the
1955 181 139 23 inhabitants
2113 181 25 21 of
2157 180 45 22 this
2220 180 87 28 Colony
2321 181 36 22 for
2374 182 37 23 the
2428 192 48 22 very

1898 208 80 23 liberal
1995 210 94 27 support
2103 207 29 22 he
2145 207 41 21 has
2202 206 99 23 hitherto
2314 208 107 29 received,
2439 215 38 22 and

1899 235 54 28 begs
1962 238 23 19 to
1993 235 84 21 inform
2087 233 61 23 them
2157 233 50 22 that
2220 233 30 22 he
2259 233 40 23 has
2307 233 66 23 made
2380 242 97 24 arrange-

1899 265 73 19 ments
1987 261 36 22 for
2042 268 14 15 a
2069 263 103 20 constant
2188 260 82 27 supply
2288 260 26 22 of
2331 260 38 22 the
2387 262 90 27 choicest

1898 287 104 23 varieties
2011 287 27 23 of
2047 287 51 27 fish,
2114 286 73 22 which
2203 287 41 23 he;
2249 286 136 29 confidently
2399 296 78 19 recom-

1899 315 85 23 mends,
1988 317 22 19 to
2019 317 40 19 tne
2068 313 75 27 public
2151 320 25 15 as
2181 313 71 27 being
2259 313 27 22 of
2296 313 36 22 the
2338 313 49 23 best
2392 317 84 31 quality.

1904 351 3 3 •
1927 341 82 23 Orders
2018 341 36 22 for
2064 340 102 29 snipping
2174 340 113 28 received,
2301 340 45 22 and
2354 346 123 28 punctually

1900 367 107 23 attended
2015 371 33 19 to.

2056 400 97 16 OYSTERS
2167 400 75 16 FRESH
2256 401 77 15 DAILY.

1929 426 63 28 Also,
2003 433 14 14 a
2026 425 82 29 supply
2117 426 25 22 of
2154 425 132 28 vegetables
2300 425 61 22 fresh
2374 426 58 24 from
2446 430 31 24 thi

1901 453 85 27 garden
1996 453 69 27 daily.

1900 497 115 28 English
2019 497 61 22 .and
2094 496 118 28 Foreign
2221 496 167 27 Newspaper
2397 499 80 30 Office,

1908 530 131 22 XOSEPH
2067 529 153 28 CLAYTON,
2253 529 117 23 Publisher
2398 531 26 22 of
2447 534 32 24 the

1901 552 26 27 (I
1965 558 112 26 Spectator
2096 557 45 22 and
2160 557 95 21 tolonial
2272 557 98 27 [Gazette,
2392 557 87 28 General

1901 584 138 29 Newspaper
2048 583 47 23 and
2104 583 147 28 Advertising
2259 583 82 28 Agent,
2352 585 41 21 320
2400 585 78 32 Strand,

1901 611 102 28 London,
2017 610 144 28 respectfully
2176 618 132 15 announces
2319 613 24 19 to
2356 612 124 27 proprietors

1901 638 26 22 of
1938 638 102 23 Colonial
2049 638 111 25 Journals,
2172 637 47 23 and
2226 637 40 22 the
2274 637 99 23 resident
2389 638 91 27 Colonial

1901 668 87 25 gentry,
1999 665 50 22 that
2058 665 29 22 he
2096 665 20 22 is
2124 664 50 22 able
2184 668 24 18 to
2217 665 82 26 supply
2308 664 61 22 them
2382 665 55 23 with
2449 668 30 23 the

1901 693 70 22 above
1981 691 115 28 Journals,
2110 691 45 23 and
2172 698 69 20 every
2257 693 63 20 other
2333 691 96 23 London
2444 696 36 23 and

1901 719 99 28 Country
2009 721 138 26 Newspaper
2160 718 26 22 in
2202 718 71 22 Great
2293 717 91 28 Britain,
2403 719 31 27 by
2449 721 31 24 the

1902 747 89 22 earliest
2014 752 143 21 conveyance
2176 745 59 23 after
2253 744 40 23 the
2311 752 136 21 appearance
2463 750 19 22 of

1901 773 55 22 each
1965 772 145 28 publication.

1928 801 23 21 J.
1965 800 97 27 Clayton
2071 800 40 21 has
2119 799 59 22 been
2186 798 103 23 induced
2296 801 23 19 to
2333 805 45 21 pay
2393 800 87 27 particu-

1901 826 35 22 lar
1950 827 111 22 attention
2069 829 23 19 to
2103 826 42 22 this
2159 825 88 23 branch
2265 825 26 22 of
2307 824 38 24 the
2360 833 120 23 newspaper

1901 853 106 27 business,
2018 854 26 21 in
2054 859 153 21 consequence
2224 852 29 22 of
2268 852 40 22 the
2326 853 128 28 complaints
2463 857 18 22 of

1901 879 38 22 the
1950 880 101 21 Colonial
2061 880 63 21 Press
2138 880 24 21 in
2179 882 42 19 not
2233 879 70 28 being
2318 880 102 27 supplied
2437 882 42 23 with

1901 906 95 27 English
2012 914 140 21 newspapers
2166 906 55 22 with
2237 906 50 22 that
2305 907 121 27 regularity
2445 911 35 22 and

1902 933 100 28 dispatch
2025 933 75 22 which
2122 933 19 21 is
2165 940 122 20 necessary
2306 936 22 18 to
2348 933 37 22 the
2403 941 76 18 success

1903 959 26 22 of
1939 968 14 14 a
1971 960 52 22 well
2037 959 110 28 managed
2163 959 104 22 Colonial
2285 966 129 22 newspaper
2433 966 46 19 esta-

1901 986 130 22 blishment.

1929 1013 89 22 Editors
2027 1013 28 22 of
2061 1020 139 21 newspapers
2211 1013 45 22 and
2265 1013 85 28 private
2359 1013 93 25 families
2459 1017 18 23 in

1903 1040 37 22 the
1950 1040 104 22 Colonies
2063 1040 50 22 who
2128 1040 104 22 received
2242 1039 57 23 their
2313 1040 94 27 English
2420 1048 60 18 news-

1902 1074 79 25 papers
1988 1067 97 27 through
2091 1067 37 22 the
2133 1067 101 21 medium
2242 1067 26 21 of
2274 1067 44 22 Mr.
2326 1067 132 29 Simmonds,
2464 1072 18 21 of

1904 1093 135 28 Chichester,
2060 1094 45 21 will
2121 1094 58 21 have
2199 1093 64 24 them
2283 1094 121 22 continued
2420 1095 28 28 by
2463 1098 16 23 J,

1905 1121 100 28 Clayton,
2018 1121 50 22 who
2077 1121 40 22 has
2124 1121 127 27 completed
2261 1121 54 22 such
2324 1128 155 21 arrangements

1903 1155 24 14 as
1937 1147 44 23 will
1992 1148 79 21 enable
2080 1147 47 22 him
2138 1150 22 19 to
2171 1155 64 20 carry
2246 1151 40 18 out
2294 1154 61 15 more
2366 1149 114 30 effectually

1903 1175 38 21 the
1950 1175 52 27 plan
2012 1175 27 21 of
2050 1175 119 27 supplying
2182 1175 98 26 Foreign
2294 1182 138 20 newspapers
2445 1180 35 21 and

1903 1208 91 21 persons
2000 1201 126 22 residentin
2132 1203 36 20 the
2175 1201 112 28 Colonies,
2294 1201 52 22 with
2352 1204 127 28 punctuality

1903 1229 45 21 and
1955 1228 108 28 dispatch,
2081 1228 55 22 than
2145 1228 46 22 Mr.
2211 1229 127 21 Simmonds
2353 1229 104 29 (residing
2465 1237 15 18 at

1905 1255 138 27 Chichester)
2055 1262 44 15 was
2110 1255 48 22 able
2169 1258 23 19 to
2202 1255 144 28 accomplish.

1930 1282 22 22 It
1962 1282 44 22 will
2016 1282 28 22 be
2059 1282 122 27 absolutely
2191 1289 118 21 necessary
2318 1286 23 18 to
2354 1289 125 25 accompany

1903 1309 56 22 each
1969 1309 66 22 order
2043 1310 30 26 by
2082 1313 108 23 payment
2197 1309 26 22 of
2230 1309 35 21 six
2275 1317 24 14 or
2306 1309 78 22 twelve
2393 1313 86 22 months'

1903 1343 78 21 papers
1990 1336 24 21 in
2030 1336 106 27 advance,
2152 1343 25 14 or
2187 1343 13 14 a
2209 1336 114 22 refeience
2338 1340 22 18 to
2369 1344 62 15 some
2440 1339 39 23 firm

1902 1364 24 21 in
1937 1363 96 22 London
2042 1364 36 21 for
2087 1367 107 23 payment
2203 1366 23 19 at
2241 1363 38 22 the
2289 1364 123 27 expiration
2422 1365 24 20 of
2451 1366 28 23 the

1903 1390 78 22 twelve
1996 1390 91 22 months
2095 1399 6 19 ;
2115 1391 24 20 in
2154 1390 74 21 which
2245 1397 49 15 case
2310 1397 43 15 one
2368 1390 111 32 halfpenny

1903 1421 62 18 extra
1974 1416 44 23 will
2029 1422 27 17 be
2065 1416 96 28 charged
2170 1424 30 14 on
2210 1416 56 23 each
2275 1425 75 19 paper.

1932 1444 22 22 J.
1965 1444 96 27 Clayton
2072 1448 66 18 trusts
2147 1443 50 22 that
2206 1443 36 22 his
2254 1444 124 22 connexion
2390 1444 51 22 with
2450 1446 27 23 the

1905 1471 112 26 Spectator
2028 1471 141 27 Newspaper,
2181 1478 24 15 as
2214 1471 87 22 Printer
2310 1471 45 22 and
2367 1472 109 28 Publisher,

1903 1498 57 22 from
1976 1498 28 22 its
2014 1502 194 18 commencement
2223 1498 24 21 in
2265 1499 58 25 ItJ2B,
2341 1498 44 22 will
2401 1499 27 21 be
2438 1507 39 15 con-

1903 1525 87 22 sidered
2000 1533 14 14 a
2023 1524 109 23 sufficient
2141 1529 123 22 guarantee
2272 1526 34 20 for
2315 1525 37 21 the
2362 1533 78 19 proper
2449 1535 28 19 ap-

1903 1551 104 27 plication
2019 1552 26 21 of
2050 1559 44 19 any
2104 1552 66 21 funds
2179 1551 53 28 paid
2242 1552 23 20 in
2277 1552 97 23 advance
2385 1552 36 21 for
2430 1553 47 28 Eng-

1903 1578 43 22 lish
1955 1585 141 22 newspapers
2105 1578 41 22 and
2157 1578 141 27 periodicals.

1930 1606 48 21 The
1986 1606 117 25 following
2110 1605 35 22 list
2156 1605 26 20 of
2189 1605 97 22 London
2298 1612 143 21 newspapers,
2451 1607 26 23 the

1904 1632 53 28 days
1967 1639 29 14 on
2004 1632 73 22 which
2084 1632 52 27 they
2143 1638 38 15 are
2189 1631 124 28 published,
2324 1634 44 19 and
2376 1634 37 20 the
2423 1635 55 25 prices

1905 1662 22 18 at
1936 1659 70 22 winch
2021 1659 54 26 they
2085 1666 36 14 are
2137 1658 103 28 supplied
2257 1658 28 28 by
2295 1659 22 21 J.
2334 1659 100 28 Clayton,
2446 1662 33 21 will

1904 1686 27 22 be
1941 1686 70 22 found
2026 1685 73 22 useful
2115 1689 22 18 to
2146 1692 94 20 persons
2255 1685 24 22 in
2293 1686 36 21 the
2340 1686 100 23 Colonies
2454 1696 25 13 re-

1905 1714 87 26 quiring
2002 1712 94 28 English
2105 1719 148 20 newspapers.

1977 1747 2 7 '
2010 1740 3 7 '
2096 1746 120 18 MORNING
2229 1747 76 21 (Daily.)

2179 1768 63 22 single
2251 1772 53 17 copy,
2326 1773 33 16 per
2366 1770 80 20 quarter,

2333 1796 13 10 t.
2359 1794 15 12 t.
2389 1792 18 14 (I.

1977 1810 77 17 *Times
2258 1810 29 17 SU.
2334 1812 7 15 1
2356 1811 18 16 12
2396 1813 11 14 t>

1989 1832 90 21 Morning
2089 1831 99 18 Chronicle
2197 1844 14 5 ..
2228 1844 5 5 .
2259 1832 11 15 5
2293 1844 13 5 ..
2334 1833 40 15 112
2396 1832 11 16 6

1978 1853 102 22 ♦Morning
2088 1853 71 17 Herald
2259 1853 11 16 5
2293 1865 13 5 ..
2334 1854 40 15 112
2397 1855 10 14 t>

1979 1874 103 21 ♦Morning
2090 1874 44 17 Post
2259 1874 11 16 5
2294 1886 13 5 ..
2334 1876 7 14 1
2356 1875 18 16 12
2397 1875 10 16 0

1987 1895 91 22 Morning;
2082 1895 31 17 Ad
2114 1895 119 17 verliaer....
2259 1895 11 16 5
2293 1907 13 5 ..
2334 1897 7 14 1
2356 1897 18 15 12
2396 1898 11 14 t>

1990 1916 92 22 Morning
2092 1916 38 17 San
2259 1917 11 15 5
2293 1928 14 5 ..
2333 1917 9 16 1
2357 1917 17 16 12
2397 1917 10 16 15

2094 1944 115 17 EVENING
2223 1943 78 22 (Daily.)

1988 1964 42 18 Sun
2259 1966 11 15 5
2293 1977 13 5 ..
2333 1966 7 16 1
2355 1966 19 16 12
2396 1966 10 16 G
2503 1974 1 8 I

1989 1987 60 16 Globe
2259 1987 11 16 5
2293 1998 13 5 ..
2333 1987 7 16 1
2355 1987 18 16 12
2396 1987 10 15 15
2503 1981 1 15 '

1977 2007 107 17 *E>iamliird
2259 2008 10 15 5
2293 2019 13 5 ..
2333 2008 7 15 1
2355 2008 18 16 12
2397 2011 10 12 i>

1977 2027 91 17 ♦Courier
2258 2029 10 15 5
2293 2039 13 5 ..
2333 2029 6 15 1
2354 2029 19 15 12
2396 2029 11 15 0

1989 2048 95 22 Shipping
2091 2048 77 18 Gazette
2259 2049 11 16 C
2293 2060 13 5 ..
2333 2050 8 15 1
2355 2050 19 17 iy
2397 2050 11 15 0

1973 2076 115 21 MONDAY,
2101 2076 163 21 WEDNESDAY,
2277 2076 36 17 and
2324 2076 38 17 Fill
2367 2076 56 17 DAY.

1978 2097 99 22 •Evening
2084 2097 45 17 Mail
2259 2099 11 15 5
2293 2109 17 5 ...
2333 2099 10 15 0
2355 2098 19 16 16
2397 2100 10 14 3

1988 2118 88 22 Evening
2083 2118 99 17 Chronicle
2259 2119 11 16 5
2293 2130 17 5 ...
2333 2120 9 13 o
2355 2119 19 16 1G
2397 2121 10 14 3

2041 2146 107 17 MONDAY
2160 2146 40 17 and
2213 2145 142 18 TIIUIISDAY.

1987 2167 74 17 Patriot
2257 2168 11 16 5
2291 2178 17 6 ...
2331 2169 9 14 0
2362 2168 9 16 5
2394 2169 10 15 5

1977 2188 86 18 *ltecord
2259 2189 11 16 5
2293 2199 17 6 ...
2333 2189 9 16 0
2364 2190 9 15 3
2395 2190 11 15 5

2059 2215 113 18 TUESDAY
2185 2216 38 17 and
2237 2216 98 17 FRIDAY.

2037 2237 79 17 London
2122 2237 86 21 Gazette,
2216 2238 31 16 Sd.
2255 2241 33 17 per
2295 2238 60 16 sheet.

1958 2264 124 22 TUESDAY,
2094 2264 143 22 THURSDAY,
2249 2265 38 17 and
2299 2265 136 18 SATURDAY.

1977 2286 38 17 *:it.
2023 2286 83 17 James's
2113 2286 101 18 Chronicle
2220 2298 19 5 ...
2261 2288 11 15 5
2294 2298 17 5 ...
2334 2287 11 16 0
2357 2288 18 16 10
2388 2288 18 15 lv

1979 2307 94 22 ♦English
2080 2306 99 19 Chronicle
2260 2309 12 15 5
2293 2319 18 6 ...
2334 2309 11 15 0
2356 2309 20 16 lv
2388 2309 20 16 10

2139 2335 117 17 MONDAY.

1990 2356 59 17 Mark
2054 2356 51 17 Lane
2112 2356 83 21 Express
2259 2357 23 20 GJ
2293 2368 17 5 ...
2333 2357 11 16 0
2365 2356 9 17 7
2397 2358 9 15 l

1978 2377 72 17 *15ell's
2058 2377 109 22 Messenger
2260 2379 12 15 0
2293 2379 52 15 ...0
2364 2378 11 16 0
2396 2379 11 15 0

1955 2408 5 4 -
1978 2398 107 17 "Farmer's
2091 2398 80 18 Journal
2261 2399 11 17 6
2294 2410 18 5 ...
2334 2401 10 13 o
2365 2399 11 16 0
2398 2399 11 16 0

1978 2419 116 17 *JolmJiull
2260 2420 12 17 6
2294 2431 17 5 ...
2333 2420 11 16 0
2364 2420 11 16 6
2397 2420 10 16 G

1991 2441 95 17 Observer
2259 2441 13 16 6
2293 2452 17 5 ...
2333 2441 12 16 0
2364 2441 11 16 6
2396 2442 11 15 6

1991 2462 76 21 County
2076 2461 98 18 Chronicle
2259 2463 23 20 54
2293 2473 18 5 ...
2333 2462 12 16 0
2364 2462 12 16 6
2397 2464 10 14 o

1990 2483 80 22 Magnet
2260 2485 23 19 4J
2294 2495 17 5 ...
2333 2484 12 16 0
2365 2485 10 15 5
2397 2485 10 14 0

2117 2509 163 17 WEDNESDAY.

1992 2529 87 18 Colonial
2085 2530 79 17 Gazette
2260 2532 12 16 6
2293 2542 18 5 ...
2333 2531 12 16 0
2364 2531 11 16 G
2396 2530 11 16 6

1990 2551 156 17 Nonconformist
2261 2552 11 16 G
2294 2563 17 5 ...
2334 2549 18 19 0'
2365 2552 11 16 G
2397 2552 11 16 G

1989 2572 114 18 AVatckmuu
2260 2574 12 16 5
2364 2574 12 15 5
2397 2574 10 15 5

2129 2593 139 17 SATURDAY.

1989 2614 99 22 Spectator
2261 2617 12 16 y
2294 2626 18 5 ...
2334 2615 11 16 0
2366 2616 11 17 9
2398 2615 11 17 9

2252 2637 20 16 lv
2294 2647 18 5 ...
2334 2636 12 16 0
2357 2638 19 14 10
2389 2636 20 16 10

1989 2656 65 17 Jurist
2263 2659 10 16 y
2296 2668 17 5 ...
2336 2660 9 12 v
2366 2659 11 15 y
2399 2659 11 15 y

1991 2677 60 18 Court
2058 2677 80 18 Journal
2263 2680 11 15 8
2296 2688 17 5 ...
2335 2678 11 16 0
2366 2679 11 16 «
2399 2679 11 15 a

1990 2698 62 18 Naval
2059 2700 39 16 and
2105 2699 130 21 Militai-yGw.
2263 2701 11 15 8
2296 2710 17 5 ...
2336 2700 10 14 0
2367 2700 11 16 8
2399 2700 11 15 8

1981 2720 83 17 •United
2072 2720 73 17 Service
2150 2720 92 17 Gazette.
2263 2721 11 18 7
2296 2731 17 5 ...
2336 2720 12 16 0
2368 2721 10 16 7
2400 2721 10 16 7

1979 2742 53 21 *Age
2264 2744 10 14 o
2297 2752 17 5 ...
2336 2742 12 16 0
2368 2743 10 14 6
2400 2742 10 14 0

1979 2763 75 21 ♦Argus
2263 2764 10 15 0
2336 2763 10 14 0
2367 2763 10 15 (>
2399 2763 10 14 v

1979 2783 72 18 ♦jiell's
2056 2783 111 22 Messenger
2263 2785 10 15 (i
2296 2794 17 5 ...
2337 2784 10 14 0
2367 2784 10 15 6
2399 2784 11 14 6

1955 2819 4 7 ,
1982 2804 112 18 *Hritannia
2127 2801 5 19 '.
2263 2806 10 15 o
2296 2814 17 6 ...
2336 2804 12 16 0
2367 2805 10 15 (i
2400 2804 11 16 G

1990 2825 90 18 Courrier
2088 2826 22 16 de
2120 2825 89 22 l'Europe
2222 2836 18 5 ...
2263 2827 10 14 (J
2296 2836 17 5 ...
2336 2826 10 14 0
2367 2826 11 15 6
2400 2826 10 14 6

1991 2847 60 17 Court
2058 2846 76 17 Gazette
2263 2848 10 14 6
2297 2857 16 5 ...
2337 2847 9 15 0
2367 2847 11 15 (j
2400 2847 10 14 0

1979 2867 147 18 ♦Conservative
2132 2867 82 17 Journal
2223 2879 18 4 ...
2264 2869 10 14 (i
2297 2878 17 5 ...
2336 2868 12 15 O
2367 2868 11 15 (i
2400 2867 10 15 6

1981 2889 50 17 ♦Era
2263 2890 11 14 (5
2297 2898 17 5 ...
2337 2888 10 16 0
2368 2889 10 15 G
2400 2888 11 15 c

1990 2910 104 17 Examiner
2263 2911 11 14 o
2297 2919 17 5 ...
2337 2910 10 15 0
2367 2909 11 16 6
2400 2909 11 14 6

1991 2931 82 18 Journal
2080 2932 21 15 of
2106 2930 134 17 Commerce...
2264 2932 10 14 6
2297 2941 17 5 ...
2337 2931 11 16 0
2368 2931 10 15 c
2400 2930 11 15 6

1981 2952 65 18 ♦John
2054 2952 44 17 Bull
2263 2953 11 15 ti
2297 2962 18 5 ...
2338 2953 9 14 0
2369 2951 10 16 6
2401 2951 10 15 0

1991 2973 115 18 Gardener's
2114 2972 79 18 Gazette
2265 2974 10 15 0
2298 2983 17 5 ...
2337 2973 42 16 0,0
2400 2972 11 15 6

1990 2994 76 18 Justice
2073 2994 22 18 of
2100 2994 57 18 Peace
2260 2995 15 15 «ti
2298 2994 51 16 ...0
2369 2994 11 14 0
2401 2993 10 14 0

1991 3016 78 22 Mining
2078 3015 79 18 Journal
2264 3016 11 15 C
2297 3024 17 7 ...
2337 3015 12 16 0
2367 3015 12 15 0
2401 3014 11 15 C

1991 3037 48 18 New
2046 3037 58 17 liell's
2116 3037 126 22 Messenger..
2265 3037 10 15 G
2298 3047 17 5 ...
2338 3036 10 16 0
2367 3036 11 14 6
2400 3034 11 15 0

1992 3058 85 21 Railway
2083 3058 63 17 Times
2264 3058 11 15 6
2298 3067 17 6 ...
2338 3057 11 17 0
2368 3056 10 15 6
2400 3055 11 15 6

1992 3079 78 18 Satirist
2265 3079 10 15 6
2298 3088 17 6 ...
2338 3078 10 16 0
2369 3078 10 14 6
2401 3077 10 15 6

1992 3101 75 17 British
2075 3100 64 19 Queen
2265 3101 10 14 6
2297 3109 18 6 ...
2338 3100 10 15 0
2368 3099 11 14 6
2401 3097 11 15 6

1992 3122 78 21 Sunday
2077 3121 63 18 Times
2264 3121 11 16 6
2296 3130 19 6 ...
2337 3121 11 16 0
2368 3120 10 14 0
2400 3119 11 14 c

1992 3143 67 17 Tablet
2265 3142 10 16 6
2297 3152 18 5 ...
2338 3142 10 15 0
2368 3140 11 15 6
2401 3139 10 15 0

1992 3164 81 20 Weekly
2080 3162 92 22 Dispatch
2265 3163 10 15 c
2297 3173 18 5 ...
2338 3164 10 15 o
2368 3160 11 16 6
2401 3160 10 15 G

1993 3185 60 18 Bell's
2060 3184 43 18 Life
2264 3184 12 16 5
2297 3194 18 6 ...
2338 3185 10 15 o
2362 3182 18 15 <5
2401 3181 11 15 6

1993 3206 85 21 Railway
2085 3205 99 22 Magazine
2263 3206 12 15 5
2297 3215 18 6 ...
2338 3205 10 16 0
2368 3203 11 16 5
2400 3203 11 14 5

1993 3227 67 18 Planet
2263 3228 23 20 4£
2297 3236 18 5 ...
2338 3226 10 16 0
2367 3224 13 16 5
2401 3224 11 15 0

1991 3248 81 21 Weekly
2079 3247 100 20 Chronicle
2264 3248 22 21 4J
2297 3258 18 5 ...
2338 3248 10 15 0
2367 3245 13 16 5
2401 3245 10 15 0

1992 3269 89 21 Literary.
2089 3269 78 18 Gazette
2264 3269 11 17 9
2296 3279 24 6 ..-
2338 3269 10 16 0
2368 3266 12 17 9
2400 3267 12 16 9

1991 3291 114 18 Athenaeum
2263 3291 11 15 5
2296 3301 18 5 ...
2337 3290 11 16 0
2367 3288 12 15 5
2400 3287 11 16 5

2102 3310 202 23 (FORTNIGHTLY.)

1992 3332 48 19 New
2047 3333 82 18 Zealand
2135 3332 83 18 Journal
2233 3344 5 5 .
2249 3337 4 5 •
2265 3334 10 15 6
2296 3344 19 5 ...
2338 3333 9 16 0
2368 3335 12 16 3
2400 3334 11 15 6

1992 3354 60 18 South
2054 3354 109 18 Australian
2167 3353 76 18 Record
2263 3355 11 15 5
2296 3365 19 6 ...
2337 3355 11 15 0
2367 3356 13 16 3
2400 3355 12 15 0

2022 3375 70 22 Papers
2099 3375 77 18 marked
2183 3376 11 11 ♦
2202 3379 33 13 are
2242 3374 140 19 Conservative.

1934 3395 47 23 The
1992 3396 117 28 foregoing
2117 3397 73 27 prices
2199 3403 39 16 are
2248 3396 37 23 the
2295 3403 61 15 same
2366 3404 25 15 as
2400 3393 81 28 charged

1910 3422 23 22 in
1952 3423 112 28 London;
2090 3423 110 23 therefore
2220 3423 29 22 all
2273 3427 89 25 postage
2387 3430 25 15 or
2432 3424 49 20 extra

1908 3449 92 28 charges
2009 3451 105 22 incurred
2121 3451 24 22 in
2155 3450 39 23 the
2204 3450 80 23 transit
2298 3454 60 19 must
2367 3451 28 22 be
2404 3448 48 29 paid
2459 3448 22 26 by

1907 3476 38 22 the
1953 3479 85 26 parties
2048 3482 23 17 at
2078 3478 37 22 the
2126 3478 54 22 time
2190 3477 39 22 the
2239 3478 64 21 order
2311 3478 20 21 is
2339 3478 74 26 given.

1934 3504 23 21 It
1967 3504 45 23 will
2021 3505 28 22 be
2059 3505 108 22 desirable
2176 3505 25 21 in
2209 3504 31 22 all
2250 3512 60 15 cases
2319 3505 73 22 where
2402 3510 42 20 any
2452 3500 28 23 ad-

1907 3534 95 24 vantage
2012 3532 69 21 exists
2089 3532 24 21 in
2123 3532 37 21 the
2176 3531 67 22 mode
2253 3532 26 21 of
2289 3537 141 22 conveyance
2440 3533 40 18 over

1907 3557 38 22 the
1962 3558 106 28 ordinary
2085 3565 76 15 means
2179 3558 24 22 of
2223 3558 153 26 transmission
2392 3558 29 27 by
2434 3557 45 27 post,

1907 3584 49 23 that
1964 3586 137 27 gentlemen,
2112 3585 100 22 desirous
2220 3585 26 22 of
2257 3586 96 26 availing
2361 3582 119 25 themselves

1908 3612 25 21 of
1943 3612 56 22 such
2008 3612 131 28 advantage,
2152 3612 82 22 should
2249 3613 64 27 point
2329 3616 38 19 out
2380 3610 76 26 clearly
2462 3608 17 21 in

1906 3638 60 22 what
1972 3646 54 20 -way
2042 3638 54 23 such
2111 3639 134 27 peculiarity
2255 3640 26 22 of
2293 3645 138 22 conveyance
2439 3638 17 20 is
2463 3638 16 17 to

1906 3664 28 23 be
1944 3666 111 22 rendered
2071 3666 108 22 available
2189 3666 36 22 for
2235 3666 38 23 the
2286 3674 94 20 purpose
2395 3665 25 22 of
2429 3668 50 17 acce-

1906 3691 97 29 lerating
2012 3692 39 22 the
2060 3692 106 28 despatch
2177 3693 28 22 of
2214 3694 57 21 such
2279 3699 144 22 newspapers.

1933 3720 85 22 Orders
2047 3720 35 21 for
2110 3720 184 22 advertisements
2317 3718 107 24 'received
2444 3715 35 23 and

1905 3746 114 28 promptly
2027 3747 99 22 inserted
2140 3754 26 15 in
2180 3748 31 21 all
2228 3747 38 23 the
2281 3747 85 27 foreign
2376 3746 44 21 and
2431 3742 48 23 colo-

1906 3773 46 22 nial
1958 3774 110 27 journals,
2079 3774 45 22 and
2138 3774 25 21 in
2179 3774 39 22 the
2233 3774 94 22 London
2345 3773 43 23 and
2399 3773 80 22 country

1905 3807 142 21 newspapers
2056 3801 46 21 and
2113 3802 137 26 magazines.

2114 3845 55 21 Bill
2183 3847 103 21 Books.

1906 3871 73 49 ON
1993 3871 86 28 SALE,
2095 3875 22 19 at
2126 3872 45 22 this
2182 3873 72 27 office,
2266 3872 67 22 blank
2342 3872 56 22 Bill
2408 3869 70 22 Books.

2006 3899 95 23 Gazette
2137 3899 72 28 office,
2221 3900 56 22 D«q.
2287 3901 20 20 4.
2457 3921 20 4 _

1906 3944 124 51 SEEDS,
2042 3944 37 22 the
2089 3944 97 28 produce
2200 3944 28 22 of
2240 3944 37 22 the
2293 3944 91 27 Colony,
2395 3942 32 21 for
2441 3937 36 24 sal«

1971 3974 22 19 at
2201 3971 78 22 Offer

671 133 108 27 Okokata,
817 130 127 25 Marototob
980 139 27 15 or
1123 131 66 28 Cove,
1200 145 2 5 >
1223 131 38 22 Te'

669 159 120 22 Kurakura
815 166 25 15 or
866 158 59 28 Shag
952 159 68 26 Cove,
1044 158 156 23 Panarawhihi
1231 165 26 14 or

669 186 62 21 West
741 186 54 27 Bay,
806 185 107 28 Waoapu,
925 185 91 26 Miretu,
1035 184 31 22 Te
1080 185 54 27 Era,
1153 185 102 26 Wahine;

670 212 115 27 Onakiwa,
814 211 97 28 Nakuta,
929 212 45 21 %Te
1005 211 113 28 Waringa,
1150 211 104 27 Waitohi,

669 238 141 27 Watamung,
821 238 97 28 Katuna,
934 238 77 27 Itawa,
1030 237 74 29 Obna,
1121 238 85 27 Mohio,
1223 238 41 22 Te.

668 265 49 22 Tito
727 272 25 14 or
762 266 80 26 Oyster
850 265 55 27 Bay,
923 265 98 26 Onarua,
1038 265 83 27 Onora,
1141 265 100 26 Ngnatui
1247 272 7 19 ;

669 291 37 22 the
730 291 79 22 Island
826 291 26 22 of
871 291 127 28 Alapamai,
1021 288 116 31 including
1156 291 100 27 Okikari,

669 318 117 27 Wekanui,
796 318 47 22 and
851 318 55 22 East
912 318 55 26 Bay,
976 318 37 22 the
1019 317 84 23 islands
1111 319 26 21 of
1144 319 110 26 Motuara,

669 345 67 22 Kieta
746 352 25 15 or
780 345 64 27 Long
851 345 84 26 Island,
943 345 119 27 Matapara
1068 345 94 22 andTai
1168 344 92 28 Kaiopi,'

669 371 126 26 Wanganui
803 379 26 14 or
933 372 55 27 Bay,
1005 370 37 23 the
1050 373 62 21 river
1120 372 45 22 and
1172 372 85 21 district

669 398 27 22 of
713 401 111 24 .Warroa,,
843 399 93 22 Paramo
939 399 50 27 witi,
1155 406 37 15 or..
1196 398 60 28 Cape

669 425 121 28 Campbell,
817 425 113 32 Waipapa,
948 425 174 28 Mangamaonu,
1150 425 106 26 Kaihora,

669 451 70 28 Aitiu,
751 452 90 27 Peketa,
850 452 117 28 Yekrakia,
979 452 65 27 Onui,
1051 452 34 23 Te
1092 453 110 26 Whanga,
1213 451 45 23 and

670 479 45 21 also
730 480 136 27 comprising
879 479 30 22 all
924 479 64 22 those
1002 479 70 28 lands,
1088 479 91 27 islands,
1193 482 64 18 tene-

669 510 80 24 ments,
764 506 79 27 woods,
859 506 61 28 bays,
939 507 115 26 harbours,
1071 507 78 26 rivers,
1165 508 92 19 streams

670 533 45 22 and
723 533 86 27 creeks,
819 533 78 22 situate
905 540 29 15 on
942 533 39 22 the
989 533 108 22 northern
1107 533 64 22 shore
1181 532 25 22 of
1217 531 39 23 the

670 559 46 23 said
729 559 81 23 Cook's
826 560 85 27 Straits,
928 559 73 23 which
1016 567 36 14 are
1065 559 107 22 bounded
1181 566 28 15 on
1217 558 40 22 the

669 587 125 22 north-east
812 587 31 27 by
859 594 15 14 a
891 587 72 22 direct
981 587 45 22 line
1045 586 78 23 drawn
1131 590 3 9 '
1141 587 59 21 from
1216 585 40 22 the

670 614 107 21 southern
783 614 59 22 head
851 613 27 22 of
887 613 38 22 the
934 613 61 22 river
1003 620 24 15 or
1034 613 99 22 harbour
1148 613 25 22 of
1189 612 69 22 about

670 639 142 29 thirty-eight
821 641 90 26 degrees
920 639 71 28 south,
1002 643 22 18 to
1035 641 59 27 Cape
1100 639 156 27 Tehukakore,

669 667 79 21 situate
759 674 27 14 on
797 667 38 22 the
845 669 47 19 east
899 670 67 23 coast,
977 667 25 21 in
1011 667 36 21 the
1054 667 96 22 latitude
1159 666 25 22 of
1190 665 68 22 about

668 693 111 28 forty-one
788 693 91 28 degrees
887 693 71 26 south,
975 693 45 22 and
1029 700 29 15 on
1068 694 39 21 the
1121 696 53 25 east,
1185 693 71 27 south,

669 719 44 21 and
723 722 54 19 west
791 720 31 27 by
836 719 38 22 the
889 727 45 18 sea,
950 720 119 27 excepting
1079 720 38 22 the
1134 719 87 23 islands
1235 721 25 20 of

669 745 77 28 Kapiti
755 754 26 14 or
793 747 71 26 Entry
878 745 82 28 Island,
977 746 46 22 and
1036 747 39 21 the
1089 747 67 22 small
1170 746 88 23 Islands

669 771 104 28 adjacent
786 773 93 26 thereto,
896 772 46 22 and
957 772 38 22 the
1011 773 76 22 Island
1101 774 28 21 of
1146 774 70 22 Mana
1233 780 24 15 or

669 799 68 22 Table
748 799 83 28 Island,
847 800 31 21 all
892 799 80 22 situate
988 807 28 14 on
1032 800 38 22 the
1085 800 50 22 said
1153 800 104 22 northern

664 825 69 26 .shore
742 827 27 21 of
781 827 78 22 Cook's
869 826 84 27 Straits,
967 826 43 22 but
1023 827 118 26 including
1156 826 102 23 Tehaka-

669 852 59 28 kore,
755 853 139 28 Warehama,
920 853 182 29 Rangauaeama,
1129 854 127 27 Wainerah,

669 879 129 28 Turakarai,
809 879 127 28 Wanganui
945 880 71 27 Ateri,
1028 887 24 15 or
1063 881 54 22 Port
1127 880 127 28 Nicholson,

669 906 113 27 Rimerah,
793 908 121 27 Oteranga,
932 907 96 27 Omerai,
1040 907 124 28 Tuameno,
1181 907 75 27 Oariu,

668 933 81 28 Titahi,
761 934 103 27 Parerua,
883 933 95 28 Ohoika,
997 934 153 27 Tirewarewa,
1167 934 90 22 Waike-

668 959 43 28 nai,
743 960 111 27 Wemera,
894 960 74 26 Otaki,
1002 960 90 27 Owaha,
1122 961 134 27 Manewatu,

669 986 115 29 Rangititi,
809 987 130 27 Wangaiha,
955 987 139 27 'Turakinoa,
1121 987 135 28 Wanganui,

669 1013 128 32 Waitptara,
819 1013 181 28 Whennuakura,
1021 1014 75 27 Patea,
1117 1014 139 28 Tangahohi;

668 1039 160 29 Ngatiriranui,
843 1040 141 27 Pohakitaro,
1004 1041 120 27 Taranaki,
1146 1041 110 24 Moturoa,

669 1067 43 21 and
722 1067 39 22 the
771 1067 85 22 several
872 1067 63 22 other
953 1067 131 26 Sugar-loaf
1096 1067 96 28 Islands,
1212 1068 46 22 and

669 1093 37 22 the
715 1094 59 21 river
782 1095 47 21 and
838 1094 96 22 harbour
942 1094 27 21 of
981 1094 91 22 Mokao.

695 1121 96 26 Alleged
803 1126 21 17 to
832 1121 57 22 have
900 1122 57 21 been
967 1121 125 27 purchased
1107 1121 31 27 by
1153 1121 105 22 claimant

668 1147 57 22 from
738 1148 38 21 the
789 1148 75 21 native
882 1148 71 22 chiefs
974 1147 63 22 Ewiti
1055 1148 36 21 for
1108 1149 94 21 himself
1213 1149 44 21 and

669 1174 79 28 Ekedi,
760 1175 19 22 E
790 1175 77 27 Hawe,
879 1175 121 26 Ewitikari,
1011 1175 118 27 Kauhaue,
1137 1175 44 22 and
1190 1183 68 19 many

668 1201 80 22 others.

697 1228 165 22 Consideration
874 1229 64 26 given
948 1232 24 18 to
978 1229 37 21 the
1023 1229 94 27 natives,
1129 1236 14 15 a
1152 1229 104 27 quantity

670 1254 26 22 of
708 1255 162 27 merchandize,
881 1256 65 21 value
956 1260 42 17 not
1006 1256 79 21 stated.

697 1281 83 23 Nature
790 1283 25 21 of
828 1289 149 21 convejancej
994 1284 18 20 a'
1016 1282 57 22 deed
1083 1282 68 23 dated
1160 1283 38 22 Sth
1208 1283 49 22 No-

669 1310 99 23 vember,
779 1310 61 22 1839.

697 1336 55 21 Case
768 1336 43 21 No.
826 1337 41 22 374
882 1337 39 26 (c).
956 1336 100 22 William
1072 1336 134 28 Wakefield,
1226 1345 30 14 on

669 1362 79 22 behalf
755 1363 26 22 of
787 1363 37 22 the
834 1363 55 22 New
899 1363 102 22 Zealand
1010 1364 124 27 Company,
1146 1364 111 22 claimant.

695 1389 48 22 The
753 1389 71 27 lands,
839 1390 90 26 islands,
945 1393 134 25 tenements,
1095 1391 84 27 woods,
1192 1391 64 27 bays,

671 1416 114 27 harbours,
801 1417 76 26 rivers,
888 1421 93 18 streams
996 1416 45 23 and
1056 1418 86 26 creeks,
1152 1418 107 27 reaching

671 1443 67 27 along
748 1443 36 22 the
795 1443 112 22 sea-shore
915 1451 26 14 on
953 1443 38 22 the
999 1443 64 23 north
1069 1445 27 21 of
1102 1444 72 22 Cooks
1181 1445 76 21 Straits

669 1470 56 22 from
736 1470 130 23 Manewatu
873 1475 21 18 to
901 1472 75 26 Patea,
984 1471 45 22 and
1035 1471 81 22 inland
1123 1471 57 22 from
1187 1470 72 23 either

671 1496 25 22 of
706 1497 37 21 the
755 1498 45 22 said
811 1497 74 22 Points
896 1501 22 18 to
930 1498 37 21 the
979 1498 102 22 Volcano
1096 1505 26 15 or
1138 1498 116 22 mountain

674 1523 25 22 of
708 1524 78 27 Tonga
796 1524 58 22 Ridi.

697 1550 97 27 Alleged
803 1554 22 19 to
836 1551 56 22 have
903 1552 56 21 been
976 1551 123 28 purchased
1151 1552 106 21 claimant

670 1576 59 23 from
737 1578 38 21 the
785 1578 74 21 native
871 1578 68 21 chiefs
949 1578 32 22 Tc
992 1579 79 26 llangi,
1083 1578 131 26 Wakanitu,
1225 1579 32 22 Te

671 1603 58 28 Ridi,
748 1604 107 27 Knranui,
874 1605 44 21 and
934 1604 24 21 in
972 1605 155 22 confirmation
1141 1606 25 21 of
1178 1605 45 22 sale
1238 1606 20 21 E

672 1630 72 28 Kuru,
756 1631 58 26 Kau,
825 1631 80 27 Turoa,
917 1632 43 21 and
970 1639 67 19 many
1047 1632 83 21 others.

697 1657 167 22 Consideration
875 1658 64 26 given
949 1661 23 18 to
982 1658 37 21 the
1029 1659 95 27 natives,
1134 1665 14 15 a
1156 1659 102 27 quantity

672 1684 25 21 of
707 1684 166 27 merchandize,
882 1684 66 22 value
958 1688 42 18 not
1008 1685 78 22 stated.

697 1710 86 23 Nature
795 1712 26 21 of
832 1718 147 20 conveyance,
991 1711 56 22 deed
1062 1712 68 21 dated
1145 1712 50 22 16th
1209 1712 48 22 No-

670 1738 99 25 vember,
782 1739 61 21 1839.

698 1764 55 21 Case
763 1764 44 22 No.
818 1766 39 21 374
870 1764 41 26 (rf).
939 1764 61 22 John
1009 1765 89 27 Dorset,
1111 1772 29 14 on
1149 1765 79 22 behalf
1236 1766 26 21 of

672 1790 34 21 the
717 1791 57 22 New
784 1791 97 22 Zealand
894 1792 117 27 Company,
1024 1792 116 21 claimant.

697 1817 47 22 The
760 1817 70 23 whole
842 1819 24 20 of
878 1818 38 22 the
930 1818 72 28 lands,
1017 1818 93 27 islands,
1127 1822 129 24 tenements,

669 1844 81 27 woods,
758 1845 62 27 bays,
829 1845 112 27 harbours,
949 1844 76 28 rivers,
1032 1850 94 17 streams
1132 1846 44 21 and
1181 1846 77 22 creeks

669 1871 57 22 from
737 1871 38 22 the
784 1871 75 22 mouth
869 1872 25 21 of
901 1872 36 22 the
948 1872 127 22 Waikatina
1082 1872 60 23 river
1149 1873 65 27 along
1222 1873 36 22 the

671 1898 111 22 sea-sbore
797 1899 30 27 by
836 1898 31 22 Te
878 1899 115 25 Kauawai,
1010 1900 73 21 Oman
1092 1900 162 27 Tongaporoto,

670 1924 31 21 Te
721 1925 53 27 Oro,
800 1925 125 27 Paraninui,
951 1926 63 21 Puka
1035 1926 89 27 Arawa,
1146 1927 111 25 Parairoa,

671 1951 131 28 Thumataa,
829 1952 131 27 Waknriwa,
990 1954 110 26 Orapopa,
1127 1952 38 23 the
1192 1953 67 22 Muni

669 1978 65 26 river,
753 1980 116 25 Arapawa,
885 1980 38 21 the
938 1980 92 21 Adenui
1040 1980 65 26 river,
1122 1980 31 21 Te
1165 1981 92 26 Rianga,
1267 1977 2 27 j

671 2004 82 22 Onairo
759 2005 96 27 Wairau,
867 2006 31 21 Te
904 2006 103 26 Tanawa,
1018 2006 107 26 Turangi,
1136 2006 38 22 the

670 2031 64 27 river,
746 2031 122 27 Wairuaer,
883 2033 147 27 Waiongawa,
1042 2033 33 22 Te
1088 2033 128 27 Rewatapa.
1226 2034 32 21 Te

671 2057 124 28 Pukatupu,
815 2058 37 23 the
876 2059 72 22 Pohui
969 2060 62 26 river,
1052 2059 76 22 Waita
1147 2060 109 27 Mangati,

672 2084 92 22 Matako
775 2086 58 26 taka,
851 2086 37 22 the
899 2086 62 22 Paka
975 2086 86 27 lagoon,
1073 2087 38 22 the
1121 2086 135 22 Waiwakaio

671 2111 63 27 river,
756 2112 131 27 Pukaweka,
909 2113 37 21 the
965 2112 59 23 Enui
1038 2113 66 27 river,
1120 2112 38 23 the
1174 2113 85 22 Natoki

671 2138 63 27 river,
744 2138 112 28 Kawaioa,
868 2140 31 21 Te
907 2140 81 21 Arawa
991 2143 26 23 ta,
1026 2140 111 26 Pakatuti,
1146 2140 111 28 Waitapu,

671 2165 80 26 Otake,
759 2165 109 29 Mataipu,
877 2167 104 27 Arakuri,
992 2166 35 22 the
1035 2166 58 27 Ongi
1101 2167 59 27 Ongi
1169 2167 88 28 lagoon,

670 2192 31 21 Te
717 2193 64 26 Tatu,
799 2193 37 22 the
849 2192 83 23 islands
948 2194 25 21 of
983 2193 147 26 Kimikotahi,
1146 2194 111 28 Moturoa,

672 2218 43 22 and
726 2219 183 28 Motumahonga,
921 2220 125 26 commonly
1057 2220 73 22 called
1141 2220 36 22 the
1189 2221 70 27 Sugar

671 2245 59 22 Loaf
735 2246 84 22 islands
829 2247 23 21 of
863 2245 146 28 Kimikotahi,
1024 2243 32 26 Te
1068 2247 69 26 Rutu,
1155 2248 102 27 Pararoa,

671 2272 110 28 Paratutu,
798 2274 124 28 commonly
935 2273 72 22 called
1024 2274 72 26 Sugar
1112 2274 59 22 Loaf
1187 2274 70 28 Point,

671 2298 101 27 Waihue,
787 2300 118 26 Taranaki,
923 2300 103 22 Mataroa
1042 2300 72 28 Motu,
1127 2301 37 21 Oti
1176 2301 78 27 Matei,

670 2326 110 27 Arakawi,
796 2327 89 22 Ahanui
896 2328 115 26 Porapora,
1023 2327 51 22 Wai
1085 2328 99 26 Orotoki,
1196 2328 61 22 Wai-

669 2352 44 22 uka
732 2353 88 27 Omata,
840 2354 33 22 Te
899 2354 103 27 Wairedi,
1027 2354 49 28 @po
1096 2355 67 25 Oteti,
1185 2355 74 27 Tapu-

670 2380 95 32 waiyara
784 2380 136 29 Kakiorangi
934 2381 95 22 Omamii
1045 2382 101 26 Nakura,
1162 2382 95 28 Wakau,
1267 2376 2 27 !

672 2406 90 23 Wairua
779 2407 120 28 Waranku,
922 2408 96 28 Otupoto
1038 2408 33 23 Te
1090 2408 100 22 Wairedi
1214 2416 44 15 ona

671 2432 83 23 Orakiw
760 2441 13 14 a
809 2438 22 18 to
854 2434 90 28 Oronga
951 2443 6 19 ;
982 2435 37 22 the
1038 2434 49 23 said
1106 2436 111 21 sea-shore
1237 2439 22 19 at

669 2459 41 22 low
739 2464 68 19 water
836 2462 63 21 mark
925 2462 68 21 forms
1021 2462 37 22 the
1089 2462 170 23 north-western

669 2486 116 29 boundary
809 2488 26 21 of
854 2488 38 22 the
915 2488 49 22 said
987 2488 69 28 lands,
1080 2489 91 27 islands,
1196 2492 63 19 tene-

669 2518 80 22 ments,
766 2514 77 28 woods,
856 2516 62 27 bays,
932 2516 113 26 harbours,
1061 2515 80 27 rivers,
1158 2520 99 24 streams,

669 2541 46 22 and
738 2542 84 21 creeks.
869 2542 66 23 From
962 2543 38 21 the
1026 2542 49 22 said
1098 2543 106 27 Auronga
1230 2551 28 15 on

670 2567 36 22 the
720 2568 113 23 sea-shore
847 2577 14 14 a
875 2569 46 22 line
936 2569 92 27 striking
1045 2568 80 23 inland
1141 2570 29 26 by
1181 2570 76 28 Petua,

669 2594 82 27 Tringa
761 2595 95 22 Powaka
871 2596 33 22 Te
919 2596 48 22 Riri
983 2596 95 26 Powaki,
1099 2596 44 23 and
1153 2597 59 22 from
1221 2598 38 22 the

669 2622 47 21 said
727 2622 95 22 Powaka
835 2626 22 18 to
868 2623 36 22 the
915 2624 90 21 summit
1019 2622 26 22 of
1063 2623 120 27 Taranaki,
1199 2632 61 14 com-

670 2648 78 28 monly
755 2649 71 22 called
831 2650 81 22 Mount
916 2650 104 27 Egmont,
1028 2650 69 22 forms
1106 2650 38 22 the
1155 2651 104 22 southern

669 2675 118 28 boundary
797 2676 25 22 of
833 2676 37 22 the
880 2677 48 22 said
936 2678 72 27 lands,
1019 2676 91 28 islands,
1127 2679 130 26 tenements,

668 2702 81 26 woods,
761 2702 60 28 bays,
833 2707 92 19 streams
932 2704 45 22 and
988 2703 76 23 creeks
1071 2711 5 19 ;
1091 2704 59 22 from
1164 2704 36 22 the
1211 2706 48 21 said

670 2730 91 21 summit
769 2730 26 21 of
806 2730 111 23 Taranaki
927 2738 14 14 a
948 2730 48 23 line
1009 2730 95 27 striking
1118 2730 30 28 by
1162 2732 98 22 Tanatu-

668 2763 76 19 wawa,
769 2756 138 27 Parakahua,
936 2757 177 27 Wakahurangi,
1142 2758 115 29 Ratapiko,

671 2782 128 28 Pukarinui,
817 2784 143 28 Mangatuku
981 2784 149 27 Wakaikotoi,
1150 2785 107 28 Makahu,

671 2808 132 29 Wangaihu,
815 2810 138 28 Motangiha,
970 2811 32 22 Te
1021 2811 89 28 Kopua,
1130 2812 32 22 Te
1176 2812 84 23 Waite-

671 2838 75 24 tanga,
767 2836 181 28 Wangamonuia,
970 2838 86 28 Makui,
1076 2838 34 22 Te
1131 2838 38 27 I*o,
1188 2843 23 17 to
1222 2840 38 22 the

670 2862 59 22 river
738 2862 131 28 Wanganui,
881 2864 44 22 and
933 2865 60 21 from
1001 2865 37 21 the
1049 2864 49 23 said
1111 2864 59 23 river
1184 2866 29 27 by
1227 2867 32 22 Te

671 2889 72 27 Tangi
762 2890 76 27 Tangi,
859 2891 148 27 Mangohewa
1021 2892 100 26 Pamiga,
1139 2892 119 29 Pakekuia,

671 2923 72 15 across
753 2916 37 21 the
802 2918 79 21 Onairo
889 2918 64 27 river,
965 2919 30 26 by
1003 2918 119 22 TeTuehu
1130 2918 128 29 Kaipikare,

671 2942 142 29 Wakamuki,
838 2944 86 28 Tapari,
958 2945 199 27 Pakawakarau.ru,
1186 2954 74 15 across

671 2969 37 23 the
732 2970 90 23 Adenui
842 2971 60 22 river
923 2972 30 27 by
977 2972 125 22 Paketuata
1125 2979 71 15 across
1221 2978 38 18 tne

671 2997 74 22 Minui
782 2998 59 21 river
876 2999 30 27 by
949 2998 173 28 Ranguirapaki,
1165 3000 96 22 Haitao-
1267 3003 2 19 !

671 3031 43 21 ma,
748 3024 122 29 Tepokuru,
904 3033 74 14 across
1008 3026 38 21 the
1078 3026 101 27 Papatito
1200 3027 61 23 river
1267 3020 2 35 J

670 3051 31 27 by
709 3052 152 27 Turangarua,
873 3052 111 28 Komanu,
996 3052 114 28 Pukakao,
1122 3053 32 21 Te
1168 3054 87 28 Awera,

671 3085 74 15 across
753 3078 38 22 the
802 3079 134 22 Wakarama
942 3080 46 21 and
996 3080 37 21 the
1042 3079 54 22 Wai
1106 3079 69 23 Pikao
1181 3081 76 28 rivers,
1267 3076 2 21 '•

670 3104 31 28 by
717 3105 104 23 Paraniui
836 3106 126 22 Timanuku
962 3123 7 15 ;
988 3106 43 22 and
1047 3106 90 28 Wanga
1146 3111 23 17 to
1179 3108 80 22 Kowai

671 3139 28 14 on
707 3132 39 22 the
756 3132 47 22 said
813 3133 119 22 Wakatino
948 3141 66 19 river,
1025 3133 46 22 and
1087 3133 64 22 down
1163 3134 37 22 the
1211 3136 48 21 said

670 3159 59 22 river
739 3162 23 19 to
770 3160 29 21 its
807 3160 84 26 mouth,
902 3160 68 22 forms
981 3160 36 22 the
1028 3162 88 20 eastern
1126 3161 43 21 and
1183 3163 77 21 north-

671 3192 38 16 ern
727 3186 113 28 boundary
863 3187 26 21 of
908 3187 37 21 the
970 3187 47 22 said
1040 3187 61 27 land,
1123 3190 134 26 tenements,

671 3212 80 28 woods,
776 3213 63 28 bays,
862 3213 115 28 harbours,
998 3214 77 27 rivers,
1095 3216 99 25 streams,
1216 3217 41 21 and

672 3240 93 21 creeks.-

697 3266 96 28 Alleged
803 3271 23 17 to
835 3267 56 22 have
902 3268 60 21 been
974 3266 126 29 purchased
1111 3268 32 27 by
1151 3268 106 24 claimant

670 3292 58 23 from
739 3294 36 21 the
784 3294 75 22 native
869 3294 70 22 chiefs
958 3295 90 21 Awatea
1063 3295 88 28 Anrua,
1163 3295 97 24 Edward

671 3327 24 14 or
705 3320 90 28 Pukiki,
811 3321 18 22 E
845 3321 68 27 Kaki,
931 3321 20 22 E
968 3321 45 27 Ku,
1024 3321 103 27 Korono,
1144 3322 20 22 E
1181 3323 75 28 Muru,

670 3346 20 22 E
709 3347 35 21 Po
759 3347 121 28 Puketapu,
896 3349 110 26 Tangutu,
1028 3348 108 27 Wakairi,
1158 3349 19 22 E
1193 3349 63 29 Pahi,

671 3374 45 21 and
725 3381 69 20 many
803 3375 80 21 others.

697 3400 165 23 Consideration
870 3401 68 28 given
947 3403 23 19 to
981 3401 36 22 the
1027 3401 95 28 natives,
1134 3410 12 14 a
1156 3404 103 28 quantity

671 3426 25 22 of
707 3427 163 27 merchandize,
882 3428 66 22 value
957 3431 39 18 not
1005 3428 80 22 stated.

696 3453 86 23 Nature
793 3454 26 22 of
825 3461 143 21 conveyance
968 3466 27 4 —
997 3455 57 22 deed
1064 3455 69 23 dated
1139 3456 51 22 15th
1199 3457 60 23 Feb-

669 3486 73 22 ruary,
755 3482 60 21 IS4O.

697 3508 56 21 Case
763 3507 42 23 No.
817 3507 40 23 374
867 3508 38 26 (c).
935 3508 61 22 John
1010 3508 87 27 Dorset,
1109 3516 28 15 on
1146 3509 79 23 behalf
1237 3511 25 22 of

670 3533 37 22 the
718 3534 56 22 New
786 3534 99 22 Zealand
895 3535 122 28 Company,
1030 3535 113 23 claimant.

696 3560 49 23 The
760 3560 70 29 lands,
846 3561 89 27 islands,
951 3565 131 25 tenements,
1098 3563 80 27 woods,
1193 3564 63 31 bays,

669 3587 112 27 harbours,
802 3588 75 27 rivers,
900 3591 99 24 streams,
1020 3589 47 21 and
1081 3589 84 28 creeks,
1187 3590 72 24 inclu-

670 3614 43 22 ded
732 3614 30 29 by
781 3622 14 14 a
813 3615 44 22 line
884 3615 76 23 drawn
984 3615 64 28 along
1066 3616 39 22 the
1131 3624 37 15 sea
1191 3618 65 22 shore

669 3644 23 18 at
712 3641 43 23 low
777 3645 68 19 water
851 3654 6 3 -
866 3643 65 21 mark
955 3643 56 21 from
1034 3643 108 27 Auronga
1165 3645 28 27 by
1212 3645 45 23 Ta-

668 3668 101 22 raimaka
793 3669 128 28 Waitikara,
944 3669 104 27 Omaitai,
1074 3670 100 28 Parawa,
1202 3671 56 23 Kai-

668 3694 29 27 hi,
725 3695 169 28 Omukukawai,
926 3696 157 23 Kotamaiewa
1113 3697 38 22 the
1179 3699 78 22 mouth

669 3722 25 20 of
731 3723 38 21 the
807 3723 105 22 Waratea
926 3749 6 6 _
947 3724 58 22 river
1042 3727 23 19 to
1103 3723 38 23 the
1178 3726 79 22 mouth

669 3748 29 21 of^
709 3748 38 22 the
758 3749 144 28 Wangalawa
915 3749 66 28 river,
995 3749 43 23 and
1055 3751 31 27 by
1101 3751 92 22 another
1211 3751 47 24 line

669 3774 75 23 drawn
755 3776 76 22 inland
840 3777 57 21 from
908 3777 37 21 the
959 3777 78 22 mouth
1047 3777 26 22 of
1083 3777 39 22 the
1131 3778 48 22 said
1188 3779 70 23 Wan-

668 3805 87 21 gatawa
762 3803 59 21 river
829 3810 30 21 up
869 3803 38 22 the
916 3803 50 22 said
982 3804 58 22 river
1049 3807 22 19 to
1080 3804 30 22 its
1120 3812 83 21 source,
1214 3807 45 22 and

668 3828 57 22 from
737 3829 79 23 thence
831 3832 22 20 to
867 3831 39 21 the
923 3831 92 21 summit
1028 3831 26 21 of
1063 3831 120 28 Taranaki,
1198 3840 60 16 com-

669 3855 75 27 monly
753 3856 71 22 called
835 3857 82 22 Mount
926 3857 105 27 Egmont,
1041 3858 46 22 and
1093 3858 58 22 from
1160 3859 39 22 the
1209 3860 49 23 said

668 3880 113 24 Taranaki
797 3882 65 28 along
877 3884 38 22 the
929 3884 106 22 southern
1049 3885 118 28 boundary
1180 3886 27 22 of
1216 3887 40 22 the

668 3907 52 27 Nga
729 3909 67 22 Motu
802 3909 86 23 district
894 3911 29 26 by
931 3911 110 27 Powakai,
1049 3911 33 23 Te
1092 3911 52 23 Kiri
1153 3913 103 28 Powaka,

668 3934 101 29 Teuriga,
778 3936 45 22 and
833 3936 78 28 Patua,
919 3941 22 18 to
948 3937 38 23 the
993 3945 36 15 sea
1039 3939 66 22 shore
1111 3942 23 19 at
1140 3940 37 22 the
1184 3941 73 22 afore-

668 3962 47 22 said
725 3963 115 27 Auronga.

59 133 80 22 Cook's
153 133 84 22 Straits.
273 132 50 23 The
337 134 89 21 summit
439 134 26 21 of
481 133 39 22 the
533 140 69 20 range
619 134 26 21 of

58 160 126 21 mountains
199 160 81 21 known
294 159 31 28 by
341 159 38 22 the
393 166 64 15 name
475 160 25 21 of
516 159 123 27 Turakirai,

57 186 57 21 from
123 186 39 22 the
172 187 63 26 point
243 186 75 22 where
327 186 37 22 the
374 186 47 22 said
429 193 69 20 range
515 186 78 21 strikes
603 186 38 22 the

57 220 44 19 tea,
115 214 25 20 in
157 213 80 22 Cook's
255 213 85 26 Straits,
356 212 85 22 outside
459 214 25 19 of
500 212 39 21 the
553 216 87 18 eastern

57 238 113 23 headland
192 240 26 21 of
240 239 39 22 the
285 256 5 7 ,
299 239 50 22 said
365 239 49 27 Bay
428 238 47 22 and
490 239 106 21 Harbour
618 239 27 21 of

56 265 90 28 Wanga
154 265 47 22 Nui
210 265 75 26 Atera,
296 273 27 14 or
332 265 52 22 Port
390 265 129 27 Nicholson,
525 265 68 28 along
603 265 37 22 the

56 292 93 21 summit
160 293 26 20 of
198 293 36 21 the
249 293 48 21 said
310 298 76 21 range,
398 291 72 22 called
483 291 124 26 Turakirai,
618 295 24 18 at

55 318 38 22 the
113 319 101 22 distance
230 319 26 21 of
271 319 71 21 about
359 318 76 22 twelve
455 318 94 27 English
567 319 71 26 miles,

56 352 62 15 more
128 353 26 14 or
163 345 50 28 less,
223 346 57 21 from
293 345 40 22 the
347 345 42 22 low
405 347 68 20 water
488 345 65 22 mark
563 352 28 15 on
602 345 47 22 the

56 375 88 18 eastern
160 372 62 21 shore
238 371 25 22 of
275 371 37 22 the
329 371 48 22 said
392 371 47 27 Bay
457 378 24 15 or
496 371 107 22 Harbour
619 372 26 21 of

56 397 88 28 Wanga
153 399 47 21 Nui
210 399 75 26 Atera,
293 404 26 16 or
327 397 54 23 Port
388 397 131 27 Nicholson,
528 398 65 22 untill
603 397 38 23 the

53 425 48 21 foot
119 425 27 21 of
164 424 37 22 the
217 423 53 28 high
286 431 70 19 range
377 425 26 21 of
421 425 127 21 mountains
568 425 73 22 called

54 451 106 26 Tararua,
180 451 78 22 situate
281 451 69 22 about
373 452 58 25 forty
451 451 93 27 English
567 451 73 28 miles,

54 485 60 14 more
134 484 25 14 or
175 477 48 27 less,
241 478 57 22 from
319 477 37 22 the
375 478 68 27 sandy
461 477 73 23 beach
557 482 23 18 at
603 479 38 21 the

53 503 166 23 north-eastern
229 503 118 28 extremity
353 504 26 22 of
384 504 36 22 the
430 505 49 21 said
488 505 49 26 Bay
546 513 24 14 or
580 505 61 23 Har-

53 530 54 22 bour
116 531 27 21 of
149 530 87 27 Wanga
245 531 47 22 Nui
299 531 78 26 Atera,
388 538 25 14 or
420 531 54 22 Port
480 532 132 28 Nicholson,
622 533 19 22 is

54 557 38 21 the
102 560 87 18 eastern
203 557 133 23 boundaries
346 558 26 22 of
383 557 36 22 the
433 558 48 22 said
491 559 70 26 lands,
579 563 52 18 tene

53 587 81 23 ments,
140 583 80 27 woods,
226 584 60 27 bays,
294 584 115 27 harbours,
415 585 75 27 rivers,
496 589 93 19 streams
596 587 46 21 and

53 609 84 23 creeks.
167 610 65 22 From
241 610 37 22 the
287 611 64 28 point
359 611 70 22 where
444 613 38 21 the
492 612 49 22 said
555 616 87 19 eastern

52 636 120 27 boundary
180 637 77 22 strikes
267 637 38 23 the
316 639 45 21 foot
371 638 26 22 of
407 637 36 23 the
454 639 110 22 aforesaid
572 640 70 22 Tara-

53 670 41 14 rua
99 670 68 21 range
174 665 25 20 of
205 665 132 26 mountains,
348 665 66 26 along
419 665 37 22 the
462 665 49 22 foot
518 665 26 21 of
549 666 37 21 the
594 667 47 21 said

53 690 100 22 Tararua
162 698 74 20 range,
253 691 57 22 until
318 691 37 22 the
371 693 63 24 point
443 691 73 23 where
527 691 36 23 the
574 699 67 20 range

53 716 25 22 of
90 718 136 21 mountains,
243 717 72 23 called
325 717 113 28 Rimarup,
457 718 79 22 strikes
545 719 38 21 the
592 719 49 22 foot

53 743 26 21 of
83 743 37 23 the
130 743 48 22 said
188 744 95 22 Tararua
297 750 77 21 range,
391 744 20 22 is
424 745 38 21 the
475 745 165 23 north-eastern

51 769 119 28 boundary
179 771 26 21 of
212 771 36 21 the
256 771 72 27 lands,
344 773 129 24 tenements,
485 771 81 27 woods,
577 772 62 27 bays,

50 795 117 28 harbours,
182 797 45 21 and
241 796 84 22 creeks.
354 796 67 22 From
436 796 39 23 the
489 797 64 26 point
567 798 73 23 where

51 823 37 21 the
99 823 49 21 said
163 823 104 27 Rimarup
283 830 69 20 range
363 823 25 21 of
400 824 128 21 mountains
542 827 23 19 at
574 832 14 14 a
597 825 44 22 dis-

50 852 66 19 tance
130 849 27 22 of
169 849 66 23 about
251 849 79 23 twelve
344 849 92 28 English
452 849 71 28 miles,
541 858 60 15 more
616 860 25 14 or

50 875 44 22 less
109 876 60 21 from
182 877 37 21 the
233 875 41 23 low
284 881 69 17 water
367 877 63 21 mark
445 884 30 15 on
490 877 38 21 the
545 882 95 19 western

51 902 63 22 shore
124 903 26 21 of
156 902 38 22 the
203 903 48 21 said
258 903 48 26 Bay
315 910 24 15 or
348 903 106 22 Harbour
464 903 26 22 of
496 903 88 29 Wanga
593 905 47 23 Nui

50 929 78 27 Atera,
141 936 26 14 or
176 929 53 22 Port
239 929 131 28 Nicholson,
381 931 55 21 until
445 930 39 22 the
494 931 64 26 point
565 931 74 23 where

50 955 38 22 the
99 955 48 23 said
157 956 105 26 Rimarup
273 963 70 21 range
351 957 78 21 strikes
438 956 38 23 the
487 964 38 15 sea
530 957 23 23 in
560 959 80 22 Cook's

52 982 85 27 Straits,
149 982 85 22 outside
246 983 36 22 the
292 987 93 18 western
394 983 114 23 headland
518 984 25 22 of
546 984 38 22 the
591 986 49 22 said

50 1009 49 27 Bay
109 1017 27 13 or
152 1009 105 22 Harbour
266 1009 26 23 of
305 1009 88 28 Wanga
402 1009 46 23 Nui
458 1011 77 26 Atera,
553 1019 25 14 or
588 1012 52 22 Port

51 1035 131 28 Nicholson,
198 1037 18 21 is
226 1036 36 22 the
273 1041 95 17 western
382 1037 115 27 boundary
508 1039 26 20 of
545 1037 37 23 the
593 1040 47 21 said

49 1062 72 27 lands,
134 1067 128 22 tenements,
272 1062 82 27 woods,
364 1064 61 27 bays,
436 1063 115 28 harbours,
561 1065 77 28 rivers,

50 1093 100 23 streams,
160 1090 45 21 and
215 1089 82 23 creeks.
323 1089 66 23 Prom
396 1090 35 22 the
441 1091 48 21 said
495 1092 65 27 point
567 1092 73 23 where

50 1115 37 22 the
103 1117 109 27 Rimarup
221 1123 69 20 range
301 1118 26 21 of
336 1118 126 22 mountains
471 1118 68 22 strike
555 1119 37 22 the
602 1127 38 15 sea

49 1143 24 21 in
84 1143 81 21 Cook's
175 1143 83 26 Straits,
271 1144 23 22 in
304 1150 14 14 a
325 1143 69 23 direct
400 1144 46 21 line
453 1148 22 18 to
485 1145 38 21 the
530 1146 110 22 aforesaid

49 1169 67 27 point,
128 1169 73 22 where
212 1170 36 22 the
257 1169 118 23 Turakirai
384 1178 68 19 range
463 1171 79 22 strikes
552 1173 37 21 the
602 1180 38 15 sea

49 1203 23 14 m
81 1195 38 22 the
129 1195 48 23 said
188 1196 78 22 Cook's
276 1196 84 27 Straits,
372 1197 19 22 is
399 1197 36 22 the
448 1198 110 22 Southern
567 1199 73 23 boun-

51 1222 54 27 dary
115 1223 26 21 of
148 1223 38 21 the
196 1223 45 22 said
250 1223 73 28 lands,
338 1227 132 24 tenements,
485 1226 81 25 woods,
577 1227 62 27 bays,

50 1249 116 27 harbours,
176 1250 75 26 rivers,
267 1255 94 17 streams
371 1251 44 21 and
425 1251 83 22 creeks.
537 1253 56 21 Also
603 1253 37 23 the

50 1276 47 21 said
111 1277 52 26 bay,
179 1276 102 28 harbour,
297 1277 46 22 and
359 1278 84 21 district
453 1279 26 21 of
492 1278 87 28 Wanga
593 1281 47 21 Nui

50 1303 77 26 Atera,
144 1310 26 14 or
179 1303 52 22 Port
241 1303 130 28 Nichelson,
386 1304 114 28 including
515 1306 36 22 the
568 1306 73 23 island

52 1329 24 21 of
84 1329 112 22 Makaroa
203 1331 44 21 and
255 1330 38 22 the
303 1331 74 22 island
384 1332 80 26 Matui,
475 1332 73 22 which
558 1333 82 23 islands

52 1363 36 14 are
96 1356 54 22 both
157 1357 78 22 situate
243 1357 77 23 within
328 1358 35 21 the
372 1358 46 22 said
424 1358 97 23 harbour
527 1361 26 21 of
555 1360 86 28 Wanga

52 1383 47 21 Nui
107 1384 79 21 Atera.
203 1392 25 14 or
243 1384 54 22 Port
311 1384 129 27 Nickolson,
459 1393 24 15 as
502 1387 51 21 well
571 1394 24 15 as
611 1388 29 21 all

52 1409 64 22 other
126 1410 69 27 lands,
212 1415 132 24 tenements,
353 1411 80 27 woods,
450 1413 61 27 bays,
526 1413 114 29 harbours,

50 1437 77 26 rivers,
144 1441 97 25 streams,
257 1438 47 22 and
316 1439 84 26 creeks,
412 1439 79 22 situate
511 1440 76 22 within
603 1441 39 22 the

51 1464 112 21 aforesaid
170 1464 139 24 boundaries.

79 1490 98 28 Alleged
187 1495 22 17 to
219 1491 55 23 have
284 1492 59 22 been
352 1491 124 28 purchased
488 1494 33 27 by
535 1494 107 22 claimant

51 1517 58 21 from
118 1517 40 22 the
168 1517 80 23 Native
258 1519 76 22 Chiefs
348 1519 106 28 Matangi,
474 1520 75 28 Epuri,
565 1521 77 22 Bona-

53 1551 68 20 cawa,
151 1545 125 27 Rongatua,
306 1545 97 28 Kariwa,
426 1547 104 27 Raihaia,
554 1548 86 28 Kawia,

53 1571 100 26 Tuaaga,
170 1571 85 27 Etioko,
274 1572 128 27 Tuigatoro,
421 1573 73 28 Tuati,
515 1574 125 29 Wakanidi,

55 1597 219 32 Ernan^Atnawera,
287 1599 98 26 Ewaieh,
398 1599 121 30 Warepori.

80 1624 167 23 Consideration
255 1627 68 25 given
332 1630 21 18 to
364 1627 37 21 the
410 1627 100 27 Natives,
522 1634 13 15 a
541 1629 101 27 quantity

55 1650 26 22 of
92 1651 162 26 merchandise,
265 1653 66 21 value
341 1657 40 17 not
389 1653 79 23 stated.

80 1677 88 23 Nature
177 1679 26 21 of
219 1686 146 20 conveyance,
381 1686 13 15 a
405 1680 57 22 deed
471 1680 68 23 dated
549 1684 93 25 twenty-

52 1704 92 22 seventh
154 1704 43 28 day
207 1705 25 22 of
243 1706 135 27 September,
390 1708 59 21 1839.

80 1731 55 22 Case
143 1732 44 21 No.
197 1734 48 21 374.
257 1733 64 27 (o)—
321 1732 110 23 William
447 1734 151 28 Wakefield,
614 1743 28 14 on

51 1757 81 23 behalf
142 1759 26 21 of
179 1759 36 21 the
226 1759 55 23 New
288 1759 101 23 Zealand
397 1761 119 28 Company,
528 1762 112 22 claimant.

79 1784 48 22 The
137 1785 71 22 whole
222 1786 25 22 of
258 1785 39 23 the
313 1787 70 27 lands,
400 1786 90 29 islands,
509 1790 131 26 tenements,

52 1812 82 27 woods,
158 1812 61 28 bays,
243 1812 113 28 harbours,
384 1814 77 27 rivers,
481 1819 94 18 streams
598 1817 44 20 and

52 1839 85 27 creeks,
157 1839 71 22 which
244 1847 58 15 were
317 1839 53 23 then
382 1840 25 22 in
422 1841 127 27 possession
565 1842 25 21 of
604 1843 38 22 the

52 1865 83 28 sellers,
147 1873 24 14 or
180 1870 23 18 to
213 1866 71 23 which
294 1866 53 29 they
356 1868 52 20 then
417 1867 47 23 laid
475 1876 45 19 any
534 1869 72 27 claim,
618 1877 25 14 or

52 1891 22 22 in
85 1892 73 23 which
168 1893 53 28 they
234 1893 54 23 then
304 1893 44 23 had
360 1902 45 20 any
417 1894 71 28 rights
499 1902 26 14 or
532 1896 108 27 interests,

54 1926 29 14 on
92 1919 39 22 the
140 1920 105 22 southern
254 1928 24 14 as
287 1920 51 23 well
348 1928 23 14 as
381 1928 27 15 on
415 1922 37 22 the
462 1921 106 23 northern
577 1922 65 23 shore

53 1945 25 21 of
99 1946 83 22 Cook's
196 1947 84 28 Straits,
297 1949 133 26 comprising
445 1948 32 23 all
491 1949 64 21 those
569 1949 71 29 lands,

52 1972 90 28 islands,
172 1977 132 22 tenements,
328 1975 79 26 woods,
436 1975 63 28 bays,
523 1975 115 28 harbours,

52 1999 76 27 rivers,
154 2002 90 19 streams
267 2000 46 22 and
335 2001 82 26 creeks,
442 2001 81 22 situate
547 2010 29 14 on
603 2003 39 22 the

53 2026 108 22 southern
170 2026 63 22 shore
243 2026 24 22 of
278 2027 39 22 the
327 2027 47 22 said
385 2027 78 22 Cook's
473 2028 84 27 Straits,
568 2029 74 22 which

53 2060 37 14 are
100 2053 106 21 bounded
219 2060 28 15 on
256 2053 39 23 the
306 2053 64 23 south
379 2054 29 27 by
418 2054 38 22 the
469 2055 94 26 parallel
571 2056 26 22 of
605 2057 37 21 the

52 2079 132 28 forty-third
193 2080 79 27 degree
282 2080 26 22 of
319 2081 65 21 south
396 2081 99 28 latitude,
510 2083 45 21 and
565 2090 29 14 on
605 2083 37 22 the

53 2110 60 23 west,
135 2107 73 26 north,
228 2107 46 22 and
292 2111 54 22 east,
366 2108 29 26 by
412 2108 38 22 the
471 2116 38 14 sea
527 2108 116 29 including

53 2132 86 29 Taitap,
151 2133 133 28 Wanganui,
297 2133 106 23 Onataria
419 2142 25 14 or
453 2136 60 26 Cape
527 2135 113 29 Farewell,

53 2159 117 26 Pakawao,
181 2160 98 28 Takaka,
290 2161 104 25 Taonuti,
404 2161 117 28 Motuaka,
532 2163 108 28 Waimea,

53 2186 82 28 Okata,
161 2186 131 29 Okapunka,
314 2187 88 23 Kaiana
419 2188 46 23 and
484 2189 98 28 Horano,
605 2191 37 21 the

53 2213 81 27 Oyerri
140 2221 25 14 or
172 2213 91 23 Polorus
270 2215 75 26 River,
355 2215 126 28 Admiralty
486 2217 56 27 Bay,
551 2217 45 21 and
604 2217 38 22 the

51 2240 85 22 several
153 2240 81 22 islands
248 2241 26 21 of
290 2241 172 28 Montungarda,
480 2243 94 28 Karaiu,
595 2245 47 21 Ka-

52 2267 67 28 kaho,
132 2267 110 27 Nguaiah,
252 2268 82 22 situate
348 2268 92 22 therein.
470 2269 135 28 Omahanga
619 2279 24 14 or

53 2293 54 23 Port
136 2294 67 27 Gore,
226 2291 149 32 Totaraenua,
401 2296 79 23 Queen
509 2297 133 23 Charlotte's

53 2321 84 27 Sound,
147 2321 125 28 Wanganui
279 2329 26 15 or
314 2321 53 23 Port
372 2322 142 23 Underwood
523 2323 25 22 in
555 2325 87 27 Cloudy

52 2347 55 28 Bay,
130 2347 37 22 the
186 2349 59 21 river
263 2348 46 22 and
323 2349 85 22 district
422 2350 26 21 of
461 2350 96 28 Wairoa,
574 2351 68 22 Para-

52 2374 112 27 mirowiti,
189 2375 125 28 Kapaiatia.
356 2377 33 21 To
413 2376 93 23 Koraka
528 2385 25 14 or
582 2379 60 27 Cape

52 2401 124 28 Campbell,
208 2403 112 28 Waipapa,
344 2402 162 28 Mangamanu,
532 2405 108 28 Kaikora,

53 2427 63 23 Aitia
123 2429 90 27 Peketa,
220 2429 31 23 Te
259 2429 101 28 Kia-kia,
367 2431 59 21 Onui
436 2431 44 22 and
488 2431 33 22 Te
529 2431 111 29 Whanga,

53 2455 43 21 and
106 2455 48 22 also
163 2455 134 29 comprising
311 2457 30 21 all
351 2457 62 22 those
422 2457 73 28 lands,
507 2462 133 24 tenements,

52 2482 83 27 woods,
157 2483 59 27 bays,
236 2482 113 27 harbours,
369 2484 76 27 rivers,
470 2489 101 23 streams,
596 2488 46 20 and

52 2509 84 27 creeks,
148 2509 78 23 situate
238 2516 28 15 on
274 2510 39 22 the
322 2511 106 22 northern
438 2511 65 22 shore
514 2512 25 22 of
546 2513 38 21 the
594 2514 48 21 said

53 2535 81 22 Cook's
145 2536 83 27 Straits,
236 2537 73 22 which
315 2544 36 15 are
361 2537 105 24 bounded
476 2546 30 14 on
515 2538 38 23 the
563 2540 77 21 north-

53 2565 46 18 east
113 2563 31 27 by
153 2570 13 14 a
180 2563 68 23 direct
260 2563 47 23 line
323 2565 75 21 drawn
410 2564 59 23 from
486 2566 39 21 the
534 2566 108 23 southern

52 2589 58 22 head
125 2590 26 22 of
161 2589 37 23 the
211 2591 58 21 river
278 2598 26 14 or
318 2590 96 23 harbour
423 2593 27 21 of
457 2593 92 27 Mokao,
560 2594 81 22 situate

53 2623 29 14 on
92 2617 38 21 the
141 2620 55 18 west
201 2621 66 23 coast,
274 2618 25 21 in
309 2617 37 22 the
356 2618 92 23 latitude
455 2620 25 21 of
485 2620 68 21 about
562 2620 80 28 thirty-

53 2643 62 26 eight
125 2643 92 28 degrees
226 2644 73 28 south,
315 2647 22 19 to
353 2645 153 29 Tehakakare,
523 2648 80 21 situate
619 2655 23 14 in

52 2669 38 22 the
101 2674 50 18 east
160 2675 66 23 coast,
237 2671 23 22 in
271 2671 38 22 the
319 2671 91 23 latitude
419 2673 26 21 of
452 2673 68 22 about
527 2674 115 28 forty-one

53 2697 93 27 degrees
155 2698 70 27 south,
237 2698 44 22 and
292 2705 29 15 on
332 2698 36 22 the
384 2703 54 23 east,
449 2704 62 22 west,
523 2700 45 22 and
577 2702 66 21 south

52 2723 31 27 by
102 2724 39 22 the
161 2732 43 19 sea,
224 2726 119 27 excepting
362 2725 80 28 always
461 2726 40 22 the
520 2727 82 22 islands
620 2730 27 20 of

53 2750 78 28 Kapiti
150 2758 24 14 or
188 2752 71 27 Entry
267 2751 86 28 Island,
369 2753 44 21 and
429 2753 36 22 the
480 2754 66 21 small
558 2754 84 23 islands

53 2777 108 27 adjacent
177 2778 92 27 thereto,
287 2779 46 21 and
348 2779 36 22 the
398 2780 74 21 island
492 2781 27 20 of
533 2781 71 22 Mana
618 2789 25 14 or

53 2804 72 22 Table
139 2804 82 27 Island,
233 2805 29 21 all
278 2805 81 22 situate
374 2813 29 14 on
418 2805 39 22 the
473 2807 48 21 said
535 2808 108 22 northern

53 2830 66 22 shore
130 2831 28 21 of
170 2827 79 26 Cook's
266 2831 85 28 Straits,
363 2833 38 21 but
409 2833 118 27 including
539 2834 104 23 Tehaka-

53 2857 63 28 kore,
134 2857 140 28 Warehama,
292 2858 205 29 Rangawnehama,
513 2860 129 29 Waiuerah,

54 2884 125 27 Turakirai,
192 2885 126 27 Wanganui
328 2885 74 28 Atera,
414 2893 25 15 or
449 2887 53 22 Port
512 2887 130 29 Nicholson,

55 2911 113 26 Rimerae,
182 2912 119 27 Oterango,
319 2913 88 27 Onerai,
425 2913 123 28 Tecanuro,
567 2916 75 27 Oatiu,

53 2937 82 28 Titahi,
158 2936 113 30 Parerura,
292 2938 99 29 Ohorka,
407 2940 153 29 Tierwarewa,
581 2942 62 23 Wai-

53 2964 75 28 kenai,
154 2965 106 27 Waimea,
286 2965 68 23 Otaki
355 2982 8 11 t
387 2967 91 27 Owaha,
506 2968 136 29 Manewatu,

53 2991 124 28 Rangatiti,
201 2992 131 28 Wangaiha,
356 2994 129 28 Turakinai,
507 2995 135 29 Wanganui,

53 3018 131 32 Waitptara,
209 3019 168 28 Wuennakura,
404 3020 76 28 Patoa,
510 3022 133 28 Tangahohi

52 3045 112 27 Ngatirua
170 3047 44 20 and
219 3046 174 28 Pahakatiatiio,
399 3048 122 28 Taranaki,
527 3050 115 28 Motuora,

53 3072 44 22 and
107 3073 40 21 the
153 3073 85 22 several
247 3073 65 23 other
320 3081 66 20 sugar
394 3074 49 23 loaf
448 3076 93 28 islands,
549 3077 47 22 and
605 3078 38 22 the

52 3099 61 22 river
123 3099 44 22 and
177 3099 94 23 harbour
282 3102 26 20 of
315 3101 90 22 Mokao.

83 3126 95 27 Alleged
187 3130 22 19 to
219 3127 55 22 have
283 3128 58 21 been
349 3128 126 26 purchased
486 3129 33 27 by
528 3130 114 28 claimant,

52 3151 59 23 from
121 3153 39 22 the
174 3153 73 23 native
262 3154 71 22 chiefs
346 3154 20 23 E
384 3155 69 27 Hiko,
468 3156 112 28 Rauparo,
591 3158 53 22 Ma-

53 3186 91 21 oranga,
153 3181 111 25 Mhorina,
273 3181 79 27 Tunia,
361 3182 32 21 Te
403 3182 69 27 Witu,
483 3183 72 29 Mare,
567 3184 75 28 Etaki,

53 3205 67 28 Eota,
132 3207 83 27 Paioki,
231 3207 90 27 Enghia
330 3208 35 21 for
374 3208 92 23 himself
473 3210 46 21 and
531 3211 111 28 brothers,

54 3231 144 30 Rangaihiro,
210 3234 117 27 Itahanga,
339 3234 45 23 and
394 3236 146 27 Ringearota.

83 3259 167 24 Consideration
260 3262 67 27 given
337 3266 22 17 to
368 3262 37 22 the
415 3264 94 27 natives,
516 3271 12 14 a
538 3269 104 24 quantity

54 3285 26 21 of
88 3287 160 28 merchandize,
259 3288 66 23 value
335 3292 40 19 not
384 3290 79 23 stated.

82 3312 87 23 Nature
184 3315 24 21 of
219 3322 142 20 conveyance
363 3328 28 4 —
391 3324 13 14 a
422 3316 65 28 deed,
509 3317 67 24 dated
589 3319 54 23 25th

56 3339 104 27 October,
175 3342 59 21 1839.

81 3365 58 23 Case
153 3366 42 22 No.
212 3368 41 22 374
271 3368 70 27 (*).—
342 3370 96 23 William
459 3371 133 29 Wakefield,
614 3381 29 15 on

50 3393 84 21 behalf
140 3393 25 21 of
171 3394 37 21 the
217 3395 56 22 New
283 3396 101 23 Zealand
393 3398 123 29 Company,
527 3400 115 22 claimant.

81 3420 49 21 The
140 3420 70 22 whole
224 3422 26 21 of
264 3422 40 22 the
318 3423 71 28 lands,
398 3425 93 27 islands,
508 3429 133 25 tenements,

53 3447 85 26 woods,
158 3447 60 26 bays,
241 3448 115 28 harbours,
375 3451 76 27 rivers,
471 3457 99 23 streams,
596 3455 47 21 and

53 3473 86 25 creeks,
153 3473 72 22 which
234 3480 57 17 were
301 3477 24 20 in
340 3478 123 26 possession
474 3480 26 21 of
508 3479 38 22 the
556 3480 84 28 sellers,

54 3507 26 14 or
89 3503 24 19 to
123 3500 73 22 which
205 3500 54 28 they
274 3501 47 23 laid
337 3503 71 28 claim,
424 3512 25 15 or
461 3506 25 21 in
501 3506 72 22 whicn
588 3508 55 26 they

52 3527 46 22 had
110 3534 44 21 any
168 3527 70 28 rights
254 3535 24 14 or
292 3528 108 28 interests,
413 3538 29 15 on
452 3532 38 23 the
500 3534 108 22 southern
617 3542 25 14 as

52 3554 51 22 well
123 3562 25 13 as
166 3554 37 22 the
222 3554 107 23 northern
344 3556 64 22 shore
422 3558 28 21 of
460 3558 81 23 Cook's
554 3561 86 28 Straits,

52 3581 137 28 comprising
203 3581 30 22 all
248 3581 63 23 those
325 3582 69 28 lands,
410 3587 131 26 tenements,
556 3588 84 27 woods,

52 3608 64 27 bays,
137 3608 111 28 harbours,
273 3609 78 26 rivers,
372 3614 92 19 streams
487 3612 46 22 and
555 3614 85 28 creeks,

52 3635 82 22 situate
146 3642 28 14 on
184 3635 37 22 tlie
232 3636 106 22 southern
349 3636 63 22 shore
422 3637 26 22 of
456 3638 83 23 Cook's
554 3640 86 28 Straits,

53 3661 74 22 which
137 3669 38 14 are
184 3662 106 23 bounded
299 3669 29 16 on
338 3663 38 22 the
389 3664 65 22 south
463 3664 31 27 by
502 3664 39 23 the
549 3659 94 38 parallel

53 3688 27 21 of
85 3689 39 21 the
132 3689 130 27 forty-third
281 3690 80 26 degree
372 3690 24 21 of
407 3691 67 22 south
483 3692 101 28 latitude,
595 3695 47 21 and

52 3722 29 15 on
92 3715 38 22 the
140 3720 60 23 west,
211 3716 74 28 north,
297 3716 45 23 and
353 3720 45 19 east
407 3718 30 26 by
452 3717 38 22 the
500 3725 44 21 sea,
553 3719 89 24 includ-

50 3741 41 28 ing
108 3742 87 28 Taitah,
212 3743 133 27 Wanganui,
358 3744 99 22 Onatura
466 3751 26 14 or
501 3745 60 27 Cape
574 3746 68 23 Fare-

51 3769 63 27 well,,
131 3770 116 27 Pakawao,
268 3770 100 28 Takaka,
393 3771 104 27 Taomiti,
522 3772 117 30 Motueka,

51 3795 109 27 Waimea,
169 3796 80 27 Okatu,
257 3797 132 27 Okapuaha,
400 3798 90 21 Kaiana
496 3798 45 22 and
550 3800 92 22 Hoiano

50 3822 25 22 in
85 3823 69 22 Blind
168 3823 54 29 Bay,
233 3824 121 26 Rangitoto
365 3832 25 14 or
403 3824 139 23 D'Urville's
553 3826 87 29 Island,

50 3849 38 22 the
105 3850 80 27 Oyerri
199 3858 25 15 or
237 3850 93 23 Pelm-us
347 3852 74 26 River,
438 3851 129 29 Admiralty
584 3854 56 28 Bay,

50 3876 46 22 and
105 3876 39 22 the
154 3876 83 23 several
244 3877 84 23 islands
334 3880 26 19 of
362 3878 173 28 Motungarada,
543 3880 97 29 Kurara,

51 3903 98 22 Kakako
158 3904 46 22 and
217 3904 99 27 Nguiab,
334 3905 133 27 Omahanga
475 3913 26 14 or
516 3906 53 23 Port
580 3908 61 22 Gore

48 3930 26 21 in
97 3930 80 24 Queen
200 3931 134 22 Charlotte's
358 3932 75 22 Sound
456 3933 45 22 and
525 3933 37 22 the
581 3935 60 27 Tory

50 3956 110 28 Channel,
198 3958 116 28 including
356 3959 159 29 Motakawae,J
546 3962 93 28 Auuho,
