3258 4320
602 2917 124 18 VISITORS'
740 2917 63 18 LIST.

616 2980 83 18 Geyser
715 2980 77 17 Hotel.

511 3017 106 18 Mftsdames
626 3017 82 20 Garden,
720 3017 89 17 Scotland
819 3016 3 21 ;
843 3016 78 19 Burton,

488 3040 112 22 Houghton,
619 3040 113 20 Auckland;
752 3040 69 20 Giblin,
839 3039 82 23 Napier;

490 3064 65 17 Misses
577 3064 83 19 Gollard,
687 3063 97 17 Auckland
794 3062 4 21 ;
828 3062 82 17 Brimble-

489 3086 70 19 combo,
581 3085 102 22 Brisbane;
713 3086 87 21 Carlyon,
825 3085 96 22 England.

489 3109 64 23 Judge
561 3109 73 23 Coffey,
648 3109 76 23 Sydney
731 3105 4 27 ;
758 3105 125 22 Commander
900 3109 22 16 D'

490 3132 88 20 Alberlis,
588 3133 70 19 Genoa,
668 3133 60 21 Italy;
747 3132 69 17 Messrs
831 3131 81 18 Richard-

490 3161 40 15 son,
540 3157 78 19 Jiurnes,
628 3155 114 20 Daslnvood,
752 3154 88 23 Englu.i.l
851 3154 2 23 ;
876 3154 36 18 Gar-

491 3179 40 20 den,
543 3179 70 20 Currie,
624 3179 89 17 Scotland
720 3178 4 21 ;
746 3179 79 19 Burton,
842 3178 68 20 Hough-

490 3203 39 19 ton,
548 3201 76 20 Aicken,
644 3201 111 21 Auckland;
783 3201 70 18 Burtis,
877 3201 46 16 New

491 3225 40 16 Yor
533 3230 6 8 J
549 3224 2 21 '
552 3224 3 21 r
566 3224 156 21 Brimblecombe,
729 3224 91 17 Brisbane
827 3231 5 13 ;
842 3224 81 19 Fischer,

491 3247 64 21 India;
571 3248 68 18 Giblin,
654 3248 71 22 Napier
730 3253 7 16 f
756 3248 75 17 Master
842 3246 69 23 Hough-

491 3272 38 16 ton.
541 3271 106 17 Auckland.

557 3331 88 17 Buekt's
657 3331 112 17 Baihgate
780 3330 78 18 House.

515 3362 106 18 Mesdames
630 3363 61 19 Krull,
698 3363 97 19 Cameron,
804 3361 108 22 Wa.ngaiiui
920 3366 7 16 ;'

493 3385 61 18 Neild,
564 3385 117 23 Wellington
688 3391 7 15 ;.
712 3386 111 20 McGregor,
842 3385 70 21 Wanga-

493 3409 39 16 nui.
543 3408 66 17 Misses
617 3408 98 20 Cameron,
725 3407 118 24 Wanganui;
857 3408 69 16 Brown

494 3431 5 12 f
503 3431 23 22 2),
534 3431 99 17 Taranaki.
670 3432 28 16 Dr
712 3432 21 16 B.
751 3432 22 16 T.
787 3430 80 21 Russell,
885 3431 30 16 Ire-

493 3454 30 17 lan
527 3454 11 17 d
550 3453 3 21 ;
584 3454 47 17 Rev.
656 3455 110 19 Buchanan,
787 3453 124 18 Coroinandel
921 3453 3 21 ;

494 3477 69 18 Messrs
572 3477 25 16 R..
604 3477 26 17 11.
639 3477 83 22 Reaney,
732 3477 95 18 Garriock.
834 3476 81 23 Welling-

486 3500 1 22 ,
494 3502 33 15 ton
535 3506 6 14 ;■
549 3500 57 18 Blair,
614 3500 62 21 Otago
683 3500 4 22 ;
701 3500 82 22 Aubrey,
801 3500 124 22 Whangarei:

495 3523 97 20 Cameron,
602 3523 111 23 McGregor,
722 3523 118 23 Wanganui;
856 3523 70 22 Lyona,

485 3546 1 22 i
495 3546 109 19 Hamilton;
635 3546 66 21 Brian,
730 3546 94 20 Victoria;
854 3546 25 16 Br
880 3546 48 22 ugh,

496 3569 61 21 Otago
564 3568 4 23 ;
594 3569 113 22 Thompson.
726 3570 84 21 Aratapu
844 3568 82 21 Morton,

496 3591 110 21 Auckland;
620 3592 76 20 Powell,
707 3592 109 17 Manawatu
823 3597 7 15 ;
847 3591 80 17 Masters

496 3615 61 21 Neild,
568 3615 124 22 Wellington;
703 3615 75 19 Powell,
787 3615 118 16 Man.iwatu..

627 3683 45 16 The

520 3713 105 17 Mesdames
652 3713 114 20 O'Sullivan,
797 3711 113 22 Cambridge
923 3711 4 22 ;

498 3736 95 18 Peterson,
611 3736 76 22 Napier.
731 3735 80 23 Captain
832 3736 95 18 Peterson,

498 3760 80 21 Jiiipier;
588 3756 113 21 O'lSullivan.
708 3759 128 21 Cambridge;'
844 3758 83 22 Cowper,

630 3782 101 21 Churches,
740 3779 106 20 Buckland.

499 3856 56 22 THE
577 3856 55 23 HOT
648 3856 96 23 LAKES
763 3856 165 23 CHRONICLE

682 3901 56 11 AND

600 3928 107 20 Tourists'
724 3929 99 23 Journal.

545 4000 170 22 WEDNESDAY,
724 4002 58 16 MAY
793 4002 27 19 13,
832 4002 50 15 1896.

502 4056 23 17 It
536 4056 16 18 is
564 4056 45 19 with
619 4059 88 17 extreme
715 4057 125 19 satisfaction
900 4063 28 13 we

501 4082 111 24 reproduce
621 4083 21 17 in
653 4083 84 18 another
747 4083 80 18 column
845 4083 34 18 the
898 4089 20 12 re-

503 4106 69 19 marks
581 4108 22 17 of
612 4108 33 17 the
654 4108 108 19 Auckland
780 4108 80 19 Herald
868 4108 22 18 in
899 4115 29 12 ro»

503 4132 50 25 gard
564 4135 19 16 to
593 4132 35 20 the
637 4133 50 24 duty
697 4135 20 17 of
726 4134 32 19 the
767 4134 135 19 Government
909 4134 19 19 in

948 129 109 25 providing-
1075 129 31 19 f::r
1122 128 92 19 Botnrua
1236 135 9 10 n
1266 130 75 22 system
1359 128 22 19 of

948 155 99 25 drainage
1057 155 40 20 and
1108 161 62 12 sewer
1183 161 32 17 ge.
1249 154 42 19 The
1301 154 80 19 Herald

948 181 69 19 article
1028 181 125 25 emphasises
1164 180 34 19 the
1212 180 91 19 remarks
1322 180 59 19 made

948 208 20 17 in
978 207 59 19 these
1047 207 90 19 columns
1147 206 40 19 last
1197 206 62 23 weelr,
1270 206 41 19 and
1327 213 41 12 com-

947 233 37 25 iug
993 234 54 18 from
1057 239 12 12 a
1076 232 141 25 metropolitan
1235 232 82 25 journal
1333 239 36 12 can-

948 263 35 15 not
994 259 36 19 fail
1039 262 21 16 to
1070 259 52 18 have
1132 258 77 25 weight
1224 258 48 19 with
1287 258 35 19 the
1341 258 27 19 Go-

948 287 111 16 vernment.
1102 285 30 18 As
1150 290 12 13 a
1181 286 73 17 matter
1270 284 21 19 of
1310 284 71 25 simple

948 311 73 25 justice
1031 317 37 12 our
1077 310 71 24 crying
1166 310 115 19 necessities
1300 310 19 19 in
1339 311 42 18 this

948 339 78 21 respect
1036 336 88 19 demand
1134 337 106 18 attention.

973 362 83 20 Within
1066 362 35 19 the
1118 366 46 21 past
1183 362 55 19 week
1258 362 35 19 the
1311 363 70 24 public

948 389 55 19 mind
1014 389 37 19 has
1062 389 52 18 been
1124 389 59 18 much
1195 389 109 19 excercised
1316 389 21 18 in
1348 396 22 12 re-

948 415 50 22 gard
1009 417 21 17 to
1040 415 35 19 the
1083 416 68 17 recent
1162 415 64 18 action
1237 416 22 17 of
1268 415 35 19 tho
1318 415 61 19 Town

948 442 67 18 Board
1026 441 21 19 in
1058 441 78 19 leasing
1146 441 54 18 their
1209 441 92 24 paddock
1310 448 27 12 on
1346 441 35 19 the

948 468 66 18 banks
1024 468 22 18 of
1055 467 34 19 the
1108 467 94 19 Utuhina
1221 469 74 17 stream
1315 470 21 16 to
1355 467 26 19 he

948 494 49 18 used
1007 493 32 21 for
1047 493 34 19 the
1089 493 88 24 disposal
1187 493 22 19 of
1220 499 79 18 sewage
1307 496 74 16 matter

948 520 52 18 from
1012 524 39 14 two
1061 519 22 18 of
1092 519 37 19 the
1138 519 99 25 principal
1247 519 71 19 hotels.
1348 521 31 17 An

948 545 102 24 objection
1061 547 21 17 to
1090 545 35 19 tho
1133 545 98 24 proposed
1238 551 70 13 course
1318 545 28 23 by
1354 553 24 11 an

948 572 108 24 adjoining
1063 571 126 19 le'.seholder
1199 578 39 12 wa=
1246 571 102 19 discussed
1359 575 22 16 at

948 598 35 18 the
993 598 39 19 last
1042 598 90 24 meeting
1141 597 22 19 of
1172 597 34 19 the
1223 597 69 21 board,
1308 597 41 19 and
1364 598 16 18 it

948 630 40 13 was
996 625 49 19 then
1055 623 117 21 considered
1186 623 44 19 that
1245 623 71 20 under,
1324 630 45 13 care-

947 651 30 18 ful
986 651 126 23 supervision
1130 649 39 19 and
1184 649 94 25 properly
1297 649 81 19 worked

947 683 27 12 no
984 677 100 25 pollution
1099 676 22 18 of
1137 676 35 18 the
1191 675 58 18 creek
1268 676 66 18 would
1355 676 25 18 be

948 703 95 25 possible.
1089 701 146 24 Theoretically
1254 701 35 18 the
1311 702 68 19 Board

948 736 46 12 mav
1003 730 27 18 be
1039 729 62 25 right,
1113 728 40 19 and
1163 728 56 18 there
1229 728 16 17 is
1263 733 26 12 no
1306 734 73 13 reason

948 757 20 17 to
978 756 81 24 dispute
1069 754 34 19 the
1113 754 108 18 statement
1226 753 22 19 of
1255 753 30 18 Dr
1292 754 88 18 Ginders

947 782 46 18 that
1002 788 38 12 one
1050 787 44 12 acre
1105 780 21 18 of
1135 779 48 18 land
1191 780 94 24 properly
1294 780 51 19 used
1362 780 18 19 is

947 808 23 18 fit.
979 810 21 16 to
1010 807 46 19 deal
1066 806 49 19 with
1125 805 35 19 the
1170 811 79 19 sewage
1255 806 22 18 of
1287 807 36 17 120
1330 812 36 18 peo-

947 833 40 25 ple.
1021 832 108 20 Residents
1148 838 24 12 on
1190 831 33 19 the
1240 831 68 19 banks
1327 833 23 18 of
1367 839 13 12 a

947 859 65 24 creek,
1030 859 98 21 however,
1154 857 20 19 in
1197 857 35 19 the
1252 857 85 25 vicinity
1359 859 21 18 of

948 886 66 17 where
1026 890 79 19 sewage
1115 886 73 16 matter
1198 883 16 19 i*
1223 883 62 24 being
1293 884 85 22 treated,

948 918 46 12 mav
1003 911 44 19 well
1058 910 26 19 be
1094 909 86 19 excused
1191 909 16 19 if
1216 910 48 24 they
1273 910 51 19 have
1331 911 36 18 mis-

946 936 82 24 giving's
1047 943 22 13 as
1087 938 21 16 to
1127 935 26 19 its
1177 935 63 24 being

946 963 54 19 dealt
1012 963 49 19 with
1124 964 41 16 not.
1194 962 56 18 Since
1261 962 35 19 the
1311 963 68 19 Board

946 992 41 16 met
1003 989 98 25 petitions
1117 988 51 18 have
1186 987 52 19 been
1255 988 69 19 drawn
1344 996 34 17 up,

946 1013 131 26 numerously
1087 1013 71 24 signed
1169 1014 40 18 and
1220 1014 81 19 handed
1311 1017 20 16 to
1344 1015 35 19 the

946 1041 116 21 Chairman,
1074 1039 75 23 asking
1158 1040 45 18 that
1212 1043 55 22 steps
1275 1040 26 18 bo
1317 1042 61 18 taken

946 1070 20 15 to
976 1070 85 22 prevent
1077 1067 35 18 the
1130 1065 64 19 lessee
1212 1066 51 19 from
1284 1068 95 23 carrying

945 1095 36 17 out,
990 1093 31 19 his
1032 1092 107 20 intention.
1167 1091 20 20 It
1198 1096 53 15 must
1261 1092 26 19 be
1294 1100 71 12 remem-

945 1118 68 24 bered,
1024 1119 99 21 howevor,
1133 1119 44 18 that
1191 1119 33 18 the
1235 1118 75 24 parties
1327 1123 52 15 most

944 1145 110 19 interested
1078 1146 19 18 in
1120 1145 34 18 tho
1174 1144 75 25 perfect
1268 1145 110 19 sanitation

945 1171 21 18 of
974 1171 34 19 tho
1018 1174 53 16 town
1085 1178 33 12 are
1129 1171 35 18 the
1173 1170 123 25 proprietors
1313 1172 21 18 of
1344 1172 35 19 the

945 1197 73 19 Hotels
1028 1198 20 19 in
1059 1198 99 24 question,
1169 1197 39 18 and
1219 1197 16 18 it
1244 1198 17 17 is
1277 1200 35 16 not
1324 1201 20 15 to
1353 1198 26 17 be

944 1222 102 26 supposed
1057 1224 32 18 for
1098 1231 12 11 a
1120 1225 89 17 moment
1218 1223 45 18 that
1273 1224 48 24 they
1337 1224 41 19 will

944 1250 26 18 do
981 1250 101 24 anything
1091 1252 21 16 to
1122 1249 104 23 endanger
1236 1250 34 18 the
1280 1250 70 19 health
1358 1251 21 18 of

944 1282 12 12 a
966 1278 54 17 town
1030 1276 19 19 in
1062 1276 63 18 which
1137 1275 49 24 they
1196 1275 51 19 have
1258 1282 22 13 so
1291 1276 57 21 larso
1367 1284 12 11 a

944 1300 64 20 stake.
1047 1302 24 19 In
1089 1302 86 18 another
1193 1301 79 20 column
1293 1302 41 19 will
1353 1303 26 19 bo

944 1328 64 18 found
1019 1328 69 19 letters
1099 1328 51 19 from
1165 1327 99 19 residents
1284 1328 83 26 inveigh-

944 1353 36 25 ing
990 1353 81 24 against
1085 1354 34 19 the
1139 1354 65 18 action
1223 1354 22 17 of
1263 1354 34 19 the
1316 1355 63 20 Town

943 1379 74 19 Board.
1045 1380 66 19 These
1121 1385 34 13 are
1163 1380 68 19 rather
1241 1380 107 24 hysterical
1357 1382 21 19 in

943 1406 53 18 their
1006 1408 104 17 utterance
1120 1406 40 19 and
1171 1406 40 18 will
1221 1413 59 12 cause
1291 1413 40 18 any
1346 1415 22 12 re-

943 1431 83 26 flecting
1035 1432 55 20 mind
1105 1435 20 15 to
1146 1432 77 25 ponder
1241 1439 25 13 on
1286 1433 34 19 the
1341 1434 28 18 cir-

943 1460 116 17 cumstance
1069 1458 67 19 which
1146 1458 37 19 has
1191 1458 73 20 roused
1280 1466 21 11 so
1318 1460 60 19 much

943 1484 60 18 nrdor
1013 1485 28 18 all
1052 1487 20 16 at
1077 1491 55 16 once,
1141 1485 57 18 when
1207 1485 34 18 the
1249 1485 64 19 whole
1322 1486 57 24 place

944 1510 36 18 has
991 1510 51 19 been
1053 1510 100 23 suffering
1162 1511 79 24 grossly
1256 1511 51 19 from
1326 1512 43 19 inat-

944 1537 77 18 tention
1039 1539 21 17 to
1075 1537 35 19 the
1128 1542 53 14 most
1195 1537 71 24 simple
1285 1538 54 19 rules
1358 1539 21 19 of

942 1561 110 21 sanitation
1071 1563 32 19 for
1120 1570 59 17 years
1195 1570 25 14 pa
1233 1566 13 16 t.
1284 1564 40 19 Wo
1343 1572 35 12 aro

943 1588 47 23 glad
1002 1589 93 19 however
1105 1593 20 15 to
1135 1596 32 12 see
1178 1589 33 19 the
1221 1589 72 25 people
1303 1593 21 16 at
1339 1591 39 19 last

943 1615 74 18 roused
1027 1618 20 16 to
1058 1621 12 12 a
1080 1622 57 12 sense
1145 1615 21 19 of
1176 1615 52 19 their
1235 1616 93 25 position,
1338 1617 40 19 and

943 1643 52 16 trust
1005 1641 45 19 that
1061 1641 34 19 the
1107 1645 69 20 outcry
1188 1641 38 19 will
1241 1643 95 19 continuo
1346 1642 33 20 till

943 1666 34 19 the
988 1669 66 17 status
1064 1668 21 17 of
1095 1667 91 19 Hotorua
1199 1674 22 12 as
1232 1675 11 12 a
1261 1668 71 19 health
1347 1676 21 12 re-

943 1698 41 13 sort
996 1693 16 18 is
1023 1692 69 26 placed
1112 1693 79 25 beyond
1211 1694 103 25 reproach.
1353 1696 25 18 In

943 1719 43 18 face
997 1719 22 18 of
1036 1719 27 19 all
1082 1719 33 19 tho
1137 1722 86 22 protests
1242 1721 66 18 raised
1329 1722 47 18 such

943 1747 54 21 steps
1009 1746 40 18 will
1059 1746 101 24 probably
1170 1746 25 19 bo
1214 1747 59 18 taken
1293 1753 22 12 as
1335 1747 43 19 will

943 1770 73 25 satisfy
1026 1772 35 18 the
1071 1772 69 24 public
1150 1772 45 19 that,
1204 1773 33 18 the
1245 1774 91 18 wrtterof
1344 1773 34 19 the

943 1797 58 18 creek
1013 1798 40 18 will
1063 1798 77 19 remain
1151 1799 182 19 uncontaminated.

943 1857 138 17 Commenting
1101 1864 24 10 on
1146 1858 34 17 the
1194 1858 85 18 remarks
1294 1860 84 22 recently

943 1880 54 17 marie
1006 1880 26 22 by
1040 1881 32 17 Mr
1081 1879 15 19 I,
1113 1881 23 17 D.
1147 1881 76 17 Nathan
1234 1884 18 15 to
1261 1888 11 11 a
1281 1888 87 17 represen-

943 1903 58 17 tative
1011 1904 19 17 of
1039 1904 37 17 this
1084 1910 59 16 paper
1160 1905 32 16 tlie
1208 1905 80 18 Thames
1305 1906 61 17 Adver-

943 1926 45 18 tiser
997 1927 33 17 lias
1042 1929 33 15 the
1243 1929 17 16 A
1272 1928 106 19 bounteous

943 1950 73 17 Nature
1036 1951 33 17 lias
1086 1951 57 21 given
1159 1951 46 17 New
1227 1952 83 17 Zealand
1326 1959 52 11 more

942 1971 76 19 natural
1027 1973 117 23 advantages
1156 1974 46 17 than
1218 1979 37 18 any
1268 1975 56 17 other
1336 1978 42 18 spot

943 1996 18 17 in
971 1996 32 17 the
1013 1996 64 21 world,
1087 1997 39 17 and
1134 1997 93 23 although
1236 2004 27 11 we
1272 2004 20 11 as
1300 2000 26 16 its
1332 2004 34 17 peo-

942 2019 36 22 ple,
989 2020 107 22 appreciate
1105 2019 14 19 it
1128 2027 20 11 as
1157 2022 24 16 its
1189 2023 42 15 true
1239 2022 68 20 worth,
1317 2028 28 11 wo
1354 2023 24 16 do

943 2044 33 15 not
985 2048 49 12 seem
1043 2045 20 15 to
1072 2043 66 17 realise
1151 2044 32 17 the
1197 2044 55 18 value
1267 2046 21 16 of
1301 2044 77 23 placing

942 2065 64 18 before
1014 2067 34 16 the
1056 2065 59 19 world
1124 2067 26 17 its
1157 2065 79 23 charms,
1244 2074 26 12 or,
1278 2066 19 19 in
1304 2069 46 21 fact,
1359 2069 19 17 of

943 2088 59 23 doing
1009 2089 96 23 anything
1113 2091 20 16 to
1148 2091 69 16 attract
1232 2091 75 18 visitors
1321 2093 19 16 to
1354 2093 24 17 its

943 2112 70 18 shores.
1038 2111 96 24 Certainly
1143 2114 32 16 the
1188 2111 129 21 Government
1331 2116 47 17 have

942 2135 38 17 had
989 2142 25 10 an
1022 2136 43 16 idea
1079 2137 21 16 of
1112 2137 116 21 advertising
1244 2137 33 17 the
1290 2137 86 24 country,

942 2158 35 17 but
986 2165 25 10 no
1024 2159 59 22 really
1097 2160 90 22 practical
1200 2160 74 18 scheme
1287 2161 34 17 has
1335 2165 43 14 ever'

941 2181 47 17 been
997 2181 87 18 initiated
1093 2183 38 16 and
1144 2184 22 16 to
1179 2183 36 17 this
1230 2184 37 22 day
1279 2184 54 17 there
1347 2190 31 12 are

941 2205 105 18 thousands
1054 2206 37 17 and
1105 2206 103 17 thousands
1221 2206 22 18 of
1254 2207 67 22 people
1336 2208 42 17 who

942 2227 49 18 have
998 2234 58 12 never
1072 2229 57 17 heard
1144 2230 20 16 of
1180 2230 32 16 the
1230 2230 72 22 colony,
1320 2231 46 17 thou-

942 2250 56 18 sands
1007 2258 51 11 more
1067 2253 43 16 who
1118 2253 48 16 have
1175 2253 44 21 only
1228 2260 11 11 a
1251 2253 37 18 dim
1303 2253 43 18 idea
1359 2255 19 17 of

942 2274 62 18 where
1013 2275 15 17 it
1036 2275 21 19 is,
1065 2275 38 18 and
1112 2276 63 17 others
1188 2271 48 26 wiio,
1251 2274 56 19 while
1320 2278 58 22 being

942 2297 42 17 able
993 2299 20 16 to
1021 2298 61 18 locate
1091 2297 16 19 ft
1115 2305 24 11 on
1150 2299 31 17 the
1198 2304 49 19 map,
1263 2298 56 19 think
1335 2301 16 17 it
1368 2308 10 10 a

941 2320 45 18 land
1009 2322 37 16 still
1064 2322 18 16 in
1100 2323 33 16 the
1146 2323 62 17 throes
1226 2324 20 16 of

943 2344 55 17 After
1006 2344 94 23 detailing
1108 2345 33 18 the
1150 2347 110 21 suggestion
1268 2347 70 17 offered
1352 2347 26 23 by

942 2367 32 17 Mr
982 2368 78 17 Nathan
1069 2375 23 10 on
1103 2369 42 17 that
1159 2370 85 17 occasion
1257 2370 32 17 the

942 2391 45 16 tiscr
995 2391 47 17 feels
1051 2398 42 10 sure
1127 2392 43 17 that
1183 2393 16 16 if
1213 2399 29 11 we
1260 2393 55 17 could
1333 2400 45 12 once

942 2415 33 19 get
983 2420 11 11 a
1003 2415 37 16 fair
1047 2415 69 17 stream
1125 2415 20 17 of
1153 2415 75 18 visitors
1237 2418 19 16 to
1266 2422 34 11 our
1314 2417 64 17 shores

942 2437 50 17 their
1006 2438 71 22 feeling
1094 2439 49 16 after
1158 2438 80 22 'doing'
1254 2440 32 17 th*
1303 2440 75 19 various

943 2460 61 18 Places
1027 2462 20 16 of
1066 2462 79 17 interest
1162 2462 63 17 would
1241 2461 22 20 be
1286 2463 44 18 that
1347 2464 31 17 the

943 2483 37 22 trip
989 2484 81 18 had.not
1075 2484 47 18 been
1129 2485 54 18 made
1188 2486 20 16 in
1214 2486 49 18 Vain.
1278 2486 100 23 Anything

942 2506 20 17 in
971 2507 32 17 the
1012 2513 42 17 way
1063 2509 19 16 of
1100 2509 103 22 attracting
1219 2509 74 18 visitors
1310 2509 68 19 should

942 2532 50 15 meet
1001 2531 45 16 with
1056 2531 32 17 the
1101 2532 102 22 sympathy
1218 2533 19 16 of
1250 2533 26 17 all
1289 2533 43 18 who
1347 2539 31 12 are

942 2552 102 19 interested
1053 2554 19 17 in
1081 2554 32 18 the
1122 2555 88 22 Colony's
1219 2556 112 21 prosperity.
1335 2554 12 11 >v

942 2607 17 16 A
968 2607 146 23 correspondent
1127 2608 20 17 in
1160 2606 37 19 last
1209 2608 49 18 issue
1276 2609 103 23 suggested

942 2630 43 17 that
994 2636 10 11 a
1015 2629 80 18 suitable
1104 2631 36 17 site
1150 2630 30 19 for
1188 2632 32 17 the
1233 2630 109 24 depositing
1359 2635 21 16 of

942 2652 93 23 nightsoil
1055 2654 38 17 and
1113 2654 54 18 other
1187 2656 69 16 matter
1277 2656 68 23 might'
1355 2657 23 17 be

942 2676 60 17 found
1016 2677 20 17 in
1049 2677 32 17 the
1098 2677 78 21 vicinity
1193 2679 20 16 of
1229 2679 32 17 tlie
1278 2679 101 24 Puarenga

942 2700 64 17 Creek.
1032 2701 26 16 As
1067 2700 33 17 the
1109 2700 118 22 jurisdiction
1238 2703 20 16 of
1270 2702 33 17 the
1316 2703 62 23 newly

942 2723 76 17 created
1026 2724 48 17 local
1083 2724 63 17 Board
1155 2725 20 16 of
1184 2723 70 19 Health
1264 2726 79 17 extends
1359 2728 19 16 to

943 2746 32 16 the
983 2747 75 17 eastern
1065 2747 103 17 watershed
1176 2748 21 17 of
1201 2746 43 20 that
1251 2749 68 17 stream
1326 2750 53 17 tlicTe

942 2769 69 17 should
1027 2767 24 20 ho
1066 2770 50 17 little
1135 2770 92 23 difficulty
1243 2772 19 16 in
1279 2773 102 22 acquiring*

943 2792 93 18 sufficient
1046 2793 73 22 ground
1127 2794 29 17 for
1163 2800 11 11 a
1180 2795 62 17 refuse
1247 2793 57 24 depot
1311 2797 19 16 in
1336 2795 41 18 that

943 2815 98 18 direction.
1067 2817 19 16 It
1095 2816 14 17 is
1118 2817 109 18 incumbent
1238 2824 23 11 011
1271 2818 32 17 the
1319 2825 44 12 mem-

942 2839 43 17 bers
994 2839 20 17 of
1023 2840 32 16 the
1063 2840 49 17 local
1118 2840 58 18 board
1185 2842 20 16 to
1212 2841 47 18 hace
1266 2840 113 25 everything

942 2861 19 18 in
971 2863 94 17 readiness
1074 2869 21 10 so
1103 2863 40 17 that
1152 2870 24 10 on
1182 2864 33 17 the
1221 2865 93 22 bye-laws
1321 2863 58 25 being

943 2884 89 23 gazetted
1044 2886 84 22 sanitary
1143 2887 51 17 work
1211 2893 44 17 may
1263 2887 23 18 be
1301 2890 20 16 at
1333 2895 46 12 once

943 2909 126 16 commenced.

947 2958 102 24 LOCAL
1063 2960 96 22 NEWS
1183 2961 69 23 AND
1267 2961 110 24 NOTES.

967 3023 85 18 Tourists
1072 3024 103 22 travelling
1190 3025 86 17 between
1294 3025 86 18 Rotorua

944 3046 38 17 and
991 3047 100 17 Auckland
1100 3053 34 11 can
1148 3047 40 23 rely
1201 3054 51 16 upon
1267 3049 76 22 getting
1356 3055 23 11 an

944 3069 94 18 excellent
1046 3070 35 18 hot
1092 3070 93 17 luncheon
1199 3073 20 14 at
1235 3072 32 17 the
1281 3070 98 19 FranJcton

944 3092 65 20 Hotel,
1032 3093 97 17 Frankton
1142 3093 97 22 Junction,
1261 3094 65 18 where
1346 3095 32 17 the

944 3115 52 18 train
1002 3117 53 21 stops
1064 3117 22 16 20
1096 3117 100 17 minutes.*

969 3147 39 17 The
1023 3147 76 23 Sydney
1111 3148 84 17 Bulletin
1204 3155 33 11 can
1252 3147 24 19 be
1290 3149 91 18 obtained

945 3170 71 22 weekly
1025 3171 21 16 at
1054 3171 32 17 the
1095 3171 118 18 CIIROXICLE
1221 3172 74 17 Office.*

969 3202 39 16 The
1018 3202 40 17 Bav
1064 3202 20 17 of
1093 3202 68 18 Plenty
1177 3203 60 18 Times
1243 3202 1 19 ,
1254 3204 15 17 is
1285 3202 97 19 informed!

945 3224 44 17 that
997 3223 29 19 Br
1038 3225 79 17 Ginders
1138 3226 33 17 has
1187 3227 26 16 tal
1215 3233 28 10 ten
1259 3232 11 11 a
1286 3227 59 17 house
1361 3228 19 16 in

946 3248 102 22 Tauranga'
1056 3248 36 17 rrnd
1101 3248 75 18 intends
1182 3249 104 23 practising
1294 3250 60 18 there.

969 3279 32 16 Mr
1018 3279 21 17 F.
1048 3279 109 18 Mackenzie
1173 3281 34 17 has
1218 3281 87 22 dispose;!
1318 3282 20 16 of
1352 3282 29 17 his

946 3301 79 18 interest
1047 3303 18 16 in
1091 3303 33 17 the
1148 3303 124 18 Coromandel
1296 3305 40 17 Sun
1361 3306 19 16 to

947 3326 71 17 Messrs
1027 3326 34 20 Aft
1062 3328 60 16 water
1129 3326 37 17 and
1175 3326 63 18 Stone.

970 3357 39 17 The
1018 3357 74 23 closing
1100 3358 20 17 of
1136 3356 38 19 Fen
1176 3359 32 16 fori
1226 3358 62 17 Street
1304 3359 78 21 against

947 3380 53 17 stock
1017 3380 76 23 driving
1102 3381 62 16 unless
1171 3381 61 17 under
1247 3387 11 11 a
1274 3383 69 21 permit
1361 3383 19 17 to

947 3403 22 17 be
982 3402 88 18 obtained
1077 3404 49 17 from
1133 3404 32 17 the
1173 3404 110 18 authorities
1291 3405 16 17 is
1317 3407 54 20 gazet-

947 3426 38 17 ted.

971 3458 32 16 Mr
1011 3458 19 17 J.
1040 3458 25 17 H.
1081 3458 69 22 Taylor
1164 3458 44 17 calls
1218 3459 28 16 for
1255 3459 81 18 Tenders
1353 3460 30 17 for

948 3481 32 16 the
987 3481 91 21 purchase
1088 3481 36 17 and
1133 3481 83 17 removal
1224 3482 20 17 of
1250 3482 31 17 the
1294 3480 89 24 building

947 3503 157 23 lately-occupied
1112 3504 26 22 by
1143 3503 78 23 .Messrs
1237 3505 95 18 Morrison
1345 3506 38 17 and

948 3527 84 20 Corbett,
1041 3527 130 18 blacksmiths.

971 3558 82 18 Tenders
1063 3564 35 12 are
1103 3559 60 17 called
1171 3560 30 16 for
1209 3559 32 17 the
1250 3558 84 24 clearing
1342 3561 38 17 and

949 3582 107 22 ploughing
1065 3583 20 16 of
1093 3582 35 17 five
1137 3588 51 11 acres
1204 3583 19 16 of
1239 3583 75 22 groilnd
1332 3589 38 12 com-

948 3604 63 21 prised
1020 3605 19 17 in
1056 3605 53 17 what
1124 3606 16 16 is
1159 3606 68 17 known
1276 3604 33 19 the
1326 3605 59 19 Town'

949 3627 63 17 Board
1020 3628 92 21 paddock.

973 3655 75 18 Stead's
1056 3656 125 23 Masterpiece
1188 3656 86 23 Library,
1290 3657 94 19 lumbers

951 3679 36 19 1,2
997 3679 37 17 and
1043 3680 10 16 3
1062 3680 20 16 to
1096 3679 56 19 hand,
1171 3678 120 24 Threepence
1303 3679 46 19 each
1364 3685 21 13 at

950 3701 117 18 OITROOTCI/E
1076 3701 74 18 Office.*

973 3733 40 17 The
1021 3733 55 17 usual
1084 3733 87 23 monthly
1180 3735 74 16 concert
1263 3735 19 16 of
1289 3735 35 16 the
1330 3735 55 17 Band

950 3756 20 16 of
978 3756 56 22 Hope
1043 3756 53 17 takes
1110 3756 53 22 place
1176 3762 24 11 on
1216 3756 70 23 Friday
1303 3757 54 18 when
1374 3764 11 11 a

950 3784 120 17 programme
1080 3780 19 16 of
1112 3785 51 12 more
1176 3776 46 21 than
1236 3780 55 17 usual
1307 3781 78 17 interest

950 3802 39 17 will
997 3803 24 16 bo
1029 3802 109 18 submitted.

975 3834 16 16 A
999 3833 118 18 notification
1126 3834 26 21 by
1168 3834 69 17 Messrs
1254 3834 61 18 Steele
1331 3836 54 17 Bros,

951 3862 79 16 appears
1038 3856 19 18 in
1066 3857 79 17 another
1162 3857 74 17 column
1252 3858 20 16 in
1284 3858 103 18 reference.,

951 3881 20 15 to
980 3881 89 16 accounts
1087 3880 63 22 owing
1166 3882 19 15 to
1203 3880 38 18 and
1257 3881 36 18 d.u.e
1309 3881 27 22 by
1352 3882 33 16 the

951 3902 49 17 firm.

976 3934 16 16 A
1002 3933 62 18 choice
1074 3934 89 18 selection
1175 3935 19 16 of
1208 3935 23 16 oil
1246 3935 99 22 paintings
1360 3936 27 21 by

951 3957 32 16 Mr
993 3957 20 17 C.
1023 3957 98 17 Blornfield
1131 3963 44 16 may
1183 3963 42 12 now
1234 3957 23 18 be
1265 3964 44 11 seen
1317 3960 19 15 at
1354 3959 32 17 the

952 3980 118 23 ('•!!ho.vici.e
1079 3980 63 17 Office.
1168 3980 50 20 They
1227 3980 92 23 comprise
1330 3982 57 17 views

951 4003 18 16 in
981 4003 196 22 th'neighborhood,
1187 4003 99 19 Wairakei,
1302 4004 70 18 Whnka-

952 4031 106 14 rewarewa,
1069 4026 39 19 &c.,
1121 4026 38 17 and
1176 4027 47 16 from
1236 4027 48 16 their
1298 4027 79 17 faithful-

952 4054 43 11 ness
1015 4048 39 17 and
1071 4049 93 17 attention
1181 4050 20 15 to
1221 4049 59 18 detail
1300 4056 31 11 arc
1344 4051 43 17 well

952 4072 63 16 worth
1027 4072 33 16 the
1069 4072 94 17 attention
1171 4072 20 16 of
1199 4072 61 18 lovers
1273 4072 20 18 of
1302 4075 34 15 art.
1364 4074 22 16 In

952 4094 87 18 addition
1048 4096 19 15 to
1077 4095 52 16 these
1136 4095 54 17 tliero
1203 4100 31 12 are
1250 4101 12 11 a
1274 4096 81 17 number
1367 4097 20 16 of

952 4119 59 15 water
1018 4117 52 18 color
1077 4117 86 18 sketches
1171 4118 79 17 suitable
1260 4119 30 17 for
1296 4119 91 23 birthday

952 4145 21 12 or
980 4140 68 17 Easter
1053 4140 65 17 Cards.
1121 4140 8 9 *

1431 120 32 19 Mr
1477 121 29 17 W.
1519 121 63 22 Kelly.
1591 119 80 19 M.H.R.
1681 121 34 17 has
1723 120 47 18 been
1775 120 21 16 in
1809 120 32 17 the

1403 145 75 17 district
1486 145 30 17 for
1524 145 32 16 the
1565 146 42 20 past
1613 145 37 16 few
1666 145 52 20 days.
1750 146 30 14 Jie
1797 143 44 17 does

1403 169 34 16 not
1454 168 41 17 thin
1502 174 5 9 t
1530 167 44 18 that
1597 167 117 18 Parliament
1731 166 39 17 will
1792 167 49 16 meet

1403 191 56 17 much
1468 191 65 17 before
1541 191 25 16 its
1580 191 55 16 usual
1643 191 46 16 time
1703 196 47 11 even
1766 190 75 21 though

1402 214 34 18 the
1444 214 77 23 general
1529 214 79 17 election
1623 214 16 17 is
1651 214 86 21 looming
1753 212 20 18 in
1782 213 57 17 front.

1426 247 39 17 The
1482 245 135 23 subscriptions
1630 245 85 18 received
1731 245 26 21 by
1773 244 32 17 Mr
1820 245 19 17 C.

1402 270 85 22 Malfroy
1495 269 83 18 towards
1593 268 33 17 the
1642 268 122 17 Brunnerton
1785 267 56 17 Fund

1402 299 44 11 now
1460 292 49 18 total
1524 292 88 22 upwards
1627 292 21 16 of
1664 291 44 18 £4O.
1733 291 49 17 Nine
1799 290 41 17 lists

1402 317 48 17 have
1457 318 33 20 yet
1500 317 21 15 to
1530 320 53 12 come
1588 313 20 19 in
1616 314 38 18 and
1670 315 56 16 when
1742 313 53 18 these
1809 319 31 12 are

1402 339 84 18 received
1495 339 32 17 the
1536 344 63 11 names
1608 338 20 17 of
1636 338 33 17 the
1683 338 74 16 various
1771 336 69 18 donors

1403 363 38 17 will
1450 363 23 16 bo
1480 361 117 18 announced.

1426 391 95 18 Evidence
1534 391 20 16 of
1562 391 32 17 the
1603 390 109 22 popularity
1721 390 21 16 of
1755 390 20 15 at
1792 388 47 17 least

1402 421 35 11 oue
1446 415 20 17 of
1475 415 32 17 the
1514 414 56 17 latest
1580 413 95 17 additions
1684 414 20 16 to
1713 412 32 18 the
1752 412 87 21 Reading

1402 439 60 17 Room
1477 438 51 17 table
1536 437 16 17 is
1560 437 84 17 afforded
1657 437 26 21 by
1700 436 32 16 the
1749 435 40 17 fact
1797 435 42 17 that

1402 461 80 18 London
1521 460 62 17 Truth
1609 460 16 17 is
1633 458 100 24 purlioned
1747 459 46 16 with
1807 458 32 17 the

1402 486 84 21 greatest
1493 484 111 22 regularity.
1630 484 23 15 In
1663 483 63 16 future
1742 482 33 17 the
1788 482 40 21 peri-

1402 508 61 17 odical
1481 513 43 16 may
1543 512 21 12 i.e
1582 506 89 18 obtained
1684 506 26 21 by
1725 505 114 17 subscribers

1402 531 46 22 only
1456 536 25 12 on
1489 530 115 23 application
1613 532 21 15 to
1641 529 32 17 the
1683 529 95 24 Libraian.

1425 561 38 17 The
1482 559 74 18 Herald
1571 559 58 17 states
1645 559 44 16 that
1702 563 86 16 pressure
1805 557 33 17 has

1401 584 47 16 been
1467 583 84 21 brought
1559 583 21 16 to
1588 582 46 17 bear
1642 586 51 17 upon
1703 580 76 18 Colonel
1789 580 36 17 Bur-

1401 608 33 16 ton
1444 607 25 21 by
1479 606 31 17 the
1516 605 78 17 electors
1604 605 21 16 of
1633 604 32 17 the
1679 604 41 22 Bay
1733 604 20 17 of
1769 603 69 23 Plenty

1402 631 20 16 to
1443 629 67 17 induce
1520 628 39 17 him
1569 631 20 14 to
1597 629 74 16 contest
1691 627 42 17 that
1745 627 82 17 constitu-

1401 659 48 15 ency
1456 654 22 15 at
1493 653 33 16 the
1536 653 47 15 next
1591 651 86 17 election.
1710 651 20 16 It
1738 651 15 16 is
1768 650 58 17 under-

1401 675 55 18 stood
1464 675 43 18 that
1516 675 23 17 he
1547 674 38 17 will
1599 673 93 23 probably
1708 673 96 23 acquiesce
1818 673 20 17 in

1401 699 33 17 the
1442 699 81 22 request.

1425 731 54 17 Since
1485 731 32 16 the
1528 729 90 23 shooting
1634 735 66 11 season
1719 729 120 18 commenced

1401 755 52 21 sport
1462 753 34 18 has
1505 753 47 18 been
1568 753 92 22 indulged
1676 753 20 16 in
1710 753 68 23 locally
1792 752 46 19 with

1401 776 81 23 varying
1496 781 79 12 success.
1600 776 23 17 In
1639 776 55 17 other
1707 776 131 18 communities

1401 806 28 12 we
1443 800 78 17 obsevre
1535 800 33 16 the
1584 799 163 18 Acclimatisation
1764 800 75 23 Society

1401 823 104 17 advertises
1513 829 11 11 a
1536 822 33 17 list
1576 823 20 16 of
1606 823 52 17 those
1667 821 43 19 who
1719 823 47 17 have
1781 823 57 17 taken

1401 847 34 17 out
1441 853 40 16 gun
1490 846 78 17 licences
1577 846 37 17 and
1622 846 33 17 the
1663 846 82 22 practice
1754 846 16 17 is
1778 846 60 17 found

1401 871 21 16 to
1430 870 48 17 have
1487 875 11 11 a
1502 869 120 22 satisfactory
1625 869 54 17 effect
1684 875 25 11 on
1715 870 122 17 therevenue.

1425 902 38 17 The
1478 901 71 22 Bishop
1564 901 19 17 of
1599 901 81 23 Waiapu
1696 901 74 18 i»rrived
1787 901 49 21 here,

1401 925 30 16 via
1440 925 71 22 Taupo,
1529 930 25 11 on
1568 924 104 21 Thursday,
1690 924 38 17 and
1745 926 92 21 preached

1400 948 21 17 in
1429 948 33 17 the
1479 948 74 17 Church
1563 948 20 16 of
1600 948 27 16 St.
1645 943 57 21 Faith
1719 954 24 11 on
1760 948 77 23 Sunday

1401 971 87 23 evening.
1514 971 38 17 The
1562 971 39 16 Rev
1611 971 18 16 S.
1640 971 56 22 Ingle
1712 971 92 22 preached
1817 973 20 16 in

1401 995 33 16 the
1442 994 95 22 morning.
1563 994 38 16 The
1610 994 72 22 Bishop
1691 994 34 17 left
1743 995 29 17 for
1781 995 42 17 Mak-

1401 1019 32 16 etu
1441 1017 107 23 yesterday,
1558 1017 134 22 accompanied
1710 1018 25 21 by
1744 1018 32 17 the
1790 1018 46 17 Rev.

1401 1041 31 17 Mr
1442 1040 100 23 Goodyear
1551 1040 20 17 of
1580 1040 42 18 that
1630 1040 60 23 place.
1716 1037 30 21 He
1760 1042 39 16 will
1808 1047 20 12 re-

1401 1066 43 15 turn
1453 1065 45 16 here
1506 1064 20 16 in
1535 1064 32 16 the
1576 1069 65 12 course
1650 1065 19 16 of
1677 1070 12 10 a
1696 1065 51 17 week
1761 1070 22 12 or
1799 1067 38 15 two

1401 1088 49 17 after
1458 1087 78 21 visiting
1544 1087 108 23 Tauranga.

1424 1119 39 17 The
1471 1119 76 22 Opotiki
1558 1119 72 17 Herald
1639 1119 68 17 relates
1715 1119 43 17 that
1774 1118 64 24 Judge

1402 1142 37 17 Gill
1449 1140 38 19 find
1495 1140 30 19 his
1529 1143 93 21 secretary
1630 1142 58 17 MrF.
1697 1143 141 18 M.Carnachan

1400 1165 38 18 had
1448 1172 11 10 a
1469 1166 60 17 rourrh
1539 1165 26 16 tin
1574 1171 9 10 e
1593 1166 20 16 of
1619 1165 15 17 it
1643 1166 19 16 in
1670 1166 51 17 their
1735 1166 37 22 trip
1789 1166 48 18 from

1401 1188 67 18 Ohiwa
1475 1190 20 16 to
1505 1188 83 22 Opotiki.
1622 1188 39 18 The
1679 1189 93 17 Waiotahi
1790 1190 49 17 river

1401 1218 38 11 was
1455 1212 48 22 deep
1519 1211 38 17 and
1575 1211 45 23 only
1636 1212 74 17 crossed
1727 1213 46 17 with
1789 1213 48 17 diffi*

1401 1235 52 23 culty
1469 1235 50 17 their
1533 1241 67 16 papers
1622 1235 37 17 and
1675 1235 89 23 baggage
1781 1236 57 23 being

1400 1258 103 18 saturated.
1529 1258 94 17 Huntress
1630 1258 46 17 Cree
1681 1258 97 19 -however
1786 1265 39 12 com-

1400 1282 71 22 pletely
1488 1281 99 23 paralysed
1604 1282 58 19 them,
1681 1282 35 18 but
1733 1282 31 17 Mr
1781 1283 56 17 Allan

1400 1305 47 20 Bell,
1455 1305 42 17 who
1502 1305 134 22 accompanied
1644 1307 58 18 tlicm,
1712 1306 85 22 plunged
1809 1307 29 17 his

1399 1329 65 17 horses
1474 1328 40 17 into
1529 1328 32 17 the
1573 1328 56 20 flood,
1648 1330 35 20 got
1698 1329 61 21 safely
1775 1335 62 12 across

1400 1352 37 17 and
1446 1353 42 16 sent
1497 1358 11 10 a
1516 1351 46 18 boat
1568 1352 48 17 from
1625 1352 78 22 Opotiki
1712 1354 19 15 to
1740 1352 58 24 bring
1805 1354 33 17 the

1400 1375 63 17 others
1474 1381 49 11 over.

1423 1407 39 16 The
1472 1406 99 22 following
1578 1406 15 17 is
1603 1413 22 10 an
1636 1407 84 18 abstract
1728 1408 20 17 of
1757 1408 32 17 the
1805 1414 20 11 re-

1401 1430 59 22 ceipts
1469 1430 36 16 and
1514 1429 125 23 expenditure
1644 1430 21 17 of
1670 1430 32 18 the
1708 1428 58 20 Town
1775 1430 62 19 Board

1401 1453 29 17 for
1441 1453 33 17 the
1484 1459 45 16 year
1546 1453 71 22 ending
1635 1454 66 17 March
1717 1455 21 16 131
1762 1455 50 17 1896:

1401 1476 92 22 Receipts:
1510 1477 82 16 Balance
1609 1477 48 17 from
1675 1477 37 18 last
1728 1483 45 17 year
1788 1477 49 18 £203

1402 1500 30 16 14s
1443 1500 34 16 lid
1486 1500 4 20 ;
1505 1500 51 16 Bath
1579 1500 38 16 fees
1634 1500 52 17 £.io2
1700 1502 19 15 cSs
1736 1500 25 18 9d
1770 1500 4 20 :
1789 1500 48 19 local

1400 1522 78 18 licenses
1495 1522 50 18 £IBB
1565 1524 41 18 lis;
1629 1525 57 19 rents,
1705 1522 35 19 £3l
1765 1525 31 17 14s
1802 1522 35 22 Od:

1400 1546 55 17 other
1472 1552 79 14 sources,
1575 1546 37 17 £O4
1620 1548 21 15 0s
1648 1547 23 17 Od
1679 1546 4 21 ;
1697 1547 78 17 refunds
1790 1548 48 18 from

1400 1569 32 17 the
1449 1569 127 18 Government
1593 1569 27 18 £6
1638 1571 30 16 13s
1685 1570 24 17 9d
1718 1575 5 16 ;
1740 1571 56 17 other
1807 1576 20 12 re-

1400 1593 65 22 ceipts,
1483 1592 38 17 £2O
1532 1594 40 18 1.35;
1591 1592 83 23 deposits
1696 1599 24 11 oil
1743 1595 94 17 contracts

1401 1616 25 16 £0
1437 1616 19 17 7s
1466 1615 4 24 ;
1486 1615 49 18 total
1549 1615 61 18 £IO9O
1622 1618 20 15 4s
1651 1616 30 18 od.
1707 1616 130 23 Expenditure

1399 1639 66 22 public
1480 1639 68 19 works,
1566 1638 50 18 £723
1634 1640 31 17 18s
1682 1640 35 20 3d;
1737 1641 55 17 office
1803 1647 22 11 ex-

1400 1669 72 15 panses,
1486 1662 38 18 £7B
1535 1663 30 16 13s
1578 1662 35 21 81;
1636 1663 55 17 other
1706 1663 130 23 expenditure,

1401 1685 37 17 £2O
1449 1687 40 18 lis;
1505 1686 82 21 deposits
1600 1692 24 11 on
1641 1688 101 17 contracts,
1761 1686 26 18 £6
1804 1688 31 20 7s;

1399 1709 79 17 balance
1495 1709 19 17 in
1532 1709 56 20 hand,
1607 1709 49 17 £2.>4
1677 1711 30 15 14s
1723 1710 25 18 Od
1755 1712 6 19 f
1782 1710 54 19 total,

1401 1731 61 18 £IO9O
1476 1733 20 16 4s
1512 1732 30 17 Od.
1570 1732 46 18 Last
1630 1739 46 15 year
1693 1734 31 16 the
1738 1733 47 17 bath
1799 1734 38 17 fees

1400 1755 102 18 amounted
1508 1757 20 15 to
1537 1755 49 18 £434
1596 1757 20 16 9s
1629 1756 29 20 3d,
1677 1762 21 11 or
1712 1757 38 17 £O7
1770 1757 29 18 19s
1813 1757 23 18 Od

1399 1778 37 18 less
1442 1778 47 18 than
1498 1778 38 18 this
1545 1785 50 16 year.

1423 1811 25 16 At
1458 1810 32 17 the
1506 1810 63 17 Police
1582 1810 59 18 Court
1650 1817 24 11 on
1691 1811 96 22 Saturday
1803 1811 22 18 be-

1400 1834 39 17 fore
1463 1833 32 17 Mr
1512 1834 19 16 C.
1548 1834 84 22 Malfroy
1648 1834 38 17 and
1703 1835 28 16 J)r
1756 1835 80 18 Ginders

1399 1856 19 18 J.
1429 1856 31 18 Ps.
1470 1856 77 18 Patrick
1555 1856 67 23 Kieley
1638 1863 39 11 was
1691 1858 83 22 charged
1790 1858 46 18 with

1399 1879 59 23 being
1470 1880 62 16 drunk
1550 1886 23 10 on
1590 1881 33 16 the
1639 1881 88 22 previous
1743 1881 38 22 day
1796 1882 37 16 and

1399 1903 40 17 also
1446 1903 46 17 with
1500 1903 71 23 having
1576 1903 47 18 used
1629 1910 51 11 some
1689 1907 43 19 Very
1741 1905 85 21 disgrace-

1400 1926 27 17 ful
1455 1925 101 24 language.
1582 1927 84 18 Accused
1687 1927 93 18 admitted
1804 1929 32 16 the

1399 1949 130 18 drunkenness
1558 1950 37 16 and
1623 1950 80 23 pleaded
1735 1949 102 24 ignorance

1399 1973 20 16 in
1436 1973 69 22 regard
1521 1974 20 16 to
1558 1973 32 17 the
1607 1973 68 18 second
1696 1974 75 23 charge.
1797 1975 39 17 The

1399 1994 88 19 evidence
1493 1996 21 17 of
1522 1997 32 16 the
1560 1997 93 21 arresting
1658 1997 97 18 constable
1761 1998 75 17 showed

1400 2020 42 16 that
1451 2019 67 22 Kieley
1526 2020 19 16 in
1555 2020 28 17 his
1592 2025 45 17 cups
1648 2027 37 10 was
1698 2026 23 11 an
1733 2021 46 22 ugly
1793 2027 33 17 per-

1399 2048 35 12 son
1451 2044 19 15 to
1479 2043 43 17 deal
1531 2043 45 17 with
1585 2047 23 13 tul
1615 2043 23 17 he
1647 2041 105 25 struggled,
1763 2044 35 17 kie'
1806 2044 28 21 ed,

1399 2065 106 23 attempted
1514 2067 19 16 to
1542 2066 40 17 bite
1587 2069 36 14 and
1641 2067 151 17 anathematised
1804 2068 33 17 the

1399 2090 117 21 community
1531 2090 3 22 i
1544 2091 7 14 t
1559 2090 53 22 large
1621 2096 24 10 on
1659 2090 32 17 the
1709 2096 43 16 way
1768 2092 20 15 to
1804 2091 33 17 the

1399 2112 86 22 lock-up.
1510 2112 17 17 A
1536 2112 36 17 line
1587 2113 20 17 of
1622 2114 20 16 3s
1651 2119 21 11 or
1688 2114 21 16 24
1728 2114 57 17 hours
1799 2114 25 17 im-

1399 2136 118 21 prisonment
1533 2140 38 12 was
1579 2136 84 17 inflicted
1675 2137 19 16 in
1707 2137 33 17 the
1748 2137 42 17 first
1806 2138 20 16 of-

1400 2159 52 16 fence
1473 2158 38 17 and
1520 2160 38 15 tfro
1568 2159 76 17 months
1659 2160 19 16 in
1696 2160 68 17 Mount
1782 2159 53 18 Eden

1399 2182 44 22 goal
1460 2182 19 16 in
1489 2182 32 17 the
1556 2182 97 22 language
1683 2189 47 11 case.

1416 2213 40 21 ,We
1465 2218 31 12 arc
1505 2213 19 17 in
1534 2213 69 22 receipt
1616 2214 20 16 of
1643 2214 32 16 the
1692 2214 57 18 latest
1763 2214 71 18 editioft

1400 2236 20 17 of
1428 2236 69 17 Messrs
1507 2237 19 16 T.
1536 2235 51 18 Cook
1596 2237 37 20 ;ind
1643 2236 54 18 Son's
1729 2237 106 18 Handbook

1399 2262 20 14 to
1437 2260 33 16 the
1487 2260 41 16 Hot
1550 2260 63 17 Likes
1635 2260 86 21 District,
1740 2261 93 17 Southern

1400 2280 67 21 Lakes,
1543 2283 37 17 and
1594 2284 19 16 of
1626 2283 32 17 the
1664 2284 76 17 current
1748 2284 89 18 numbers

1399 2307 21 16 of
1428 2305 33 18 the
1467 2305 109 18 Australian
1585 2306 103 18 Travellers
1694 2307 84 17 Gazette.
1798 2307 38 17 The

1399 2330 74 16 ■former
1481 2329 62 17 shows
1557 2335 11 11 a
1585 2330 77 17 marked
1671 2330 137 22 improvement
1817 2331 19 17 in

1399 2352 33 18 the
1443 2352 123 18 information
1575 2352 94 23 imparted
1683 2354 20 16 to
1719 2354 31 16 the
1767 2354 70 17 tourist

1399 2382 20 10 as
1429 2375 42 17 well
1480 2382 20 10 as
1509 2376 19 16 in
1535 2375 33 17 the
1573 2376 125 18 illustrations
1707 2377 21 17 of
1735 2377 31 17 the
1783 2383 43 11 scen-

1399 2404 33 17 ery
1441 2399 58 22 along
1508 2399 32 16 the
1549 2399 74 18 Various
1631 2399 48 18 lines
1688 2401 19 16 of
1716 2401 60 16 route.
1798 2397 41 21 The

1400 2422 120 22 frontispiece
1528 2422 15 17 is
1549 2428 12 11 a
1566 2422 133 22 reproduction
1709 2429 10 10 o
1726 2422 2 22 '
1735 2424 100 17 Valentine

1399 2445 38 17 and
1446 2445 47 17 Sons
1502 2445 47 17 view
1558 2446 20 16 of
1612 2446 119 19 Sheerdown,
1751 2446 41 18 Mill
1796 2447 40 17 ford

1486 2468 38 17 and
1533 2468 57 18 forms
1599 2475 12 11 a
1619 2469 83 22 striking
1710 2470 79 21 picture.
1797 2470 39 17 The

1400 2492 55 17 other
1467 2491 185 23 photo-engravings
1669 2498 31 12 are
1714 2493 25 22 by
1756 2493 78 20 Martin,

1400 2515 72 16 Burton
1482 2515 89 17 Brothers
1578 2515 38 17 and
1631 2516 76 17 Morris.
1739 2516 39 17 The
1787 2517 49 16 book

1399 2538 17 16 is
1424 2538 20 17 of
1453 2545 11 10 a
1471 2538 111 18 convenient
1591 2538 36 18 size
1634 2539 30 17 for
1672 2539 32 17 the
1716 2539 68 22 pocket
1797 2539 37 18 and

1401 2559 38 19 will
1447 2561 23 17 be
1480 2561 59 17 found
1547 2568 12 10 a
1566 2562 88 17 valuable
1662 2563 47 16 vadft
1722 2564 72 16 fnec'um
1811 2563 25 22 by

1399 2584 33 17 the
1441 2585 76 16 tourist.
1549 2585 39 16 The
1604 2585 109 18 Travellers'
1725 2586 78 17 Gazette
1820 2587 16 16 is

1401 2608 33 16 full
1444 2608 21 16 of
1479 2607 61 18 useful
1555 2608 121 17 information
1690 2608 103 23 regarding
1801 2609 33 18 the
1834 2607 2 24 1

1400 2631 74 17 various
1483 2632 64 16 routes
1560 2632 20 16 of
1596 2632 60 17 travel
1671 2632 119 23 throughout
1804 2632 32 18 the

1401 2653 66 18 world.

1423 2685 68 20 Music,
1501 2685 67 20 Music,
1575 2684 62 20 Music
1644 2684 47 21 :—A
1700 2687 63 17 choice
1778 2687 59 17 select

1400 2709 41 17 tion
1449 2709 21 17 of
1483 2709 33 17 the
1531 2709 56 17 latest
1602 2715 62 15 songs,
1679 2710 26 22 by
1722 2710 46 18 such
1785 2716 38 12 com-

1401 2738 63 16 posers
1487 2738 20 11 as
1527 2732 79 19 Vinsuti,
1627 2733 92 21 Bcrthpld
1733 2733 65 21 Tours,
1815 2734 20 17 C.

1401 2755 89 22 Godfrey,
1502 2755 90 20 Shcrwin,
1603 2754 63 19 Banks
1675 2756 78 20 Winter,
1771 2756 65 23 Henry

1402 2778 63 18 Klein.
1476 2778 88 18 Juneker.
1573 2776 109 24 Caraccioli,
1693 2778 143 21 Brahainvlvan

1401 2801 69 23 Caryll,
1481 2801 73 21 Angela
1567 2802 115 21 Rawlinson,
1693 2803 64 22 Gutty,
1773 2803 62 21 Birch,

1401 2825 85 20 Bantett,
1505 2825 114 20 Desommes,
1639 2825 119 21 Offenbach,.
1769 2825 25 18 &c
1804 2827 33 17 &c.

1401 2848 45 17 Also
1455 2848 87 19 Waltzes,
1552 2848 92 19 Marches,
1656 2849 96 21 Gavottes,
1770 2849 55 18 Seren-

1401 2871 52 21 ades,
1470 2871 106 21 Rondeaus,
1587 2872 38 16 and
1644 2872 101 18 Overtures
1759 2872 30 17 for
1804 2872 33 18 the

1401 2895 109 16 Pianoforte
1518 2894 25 22 by
1553 2894 186 24 Gung'l,,D'Albert,
1755 2896 82 20 Rossini,

1401 2917 83 22 Stephen
1514 2917 74 20 Glover,
1613 2918 78 21 Ketten,
1721 2919 114 20 Beethoven,

1401 2940 89 20 Lardelli,
1509 2940 123 18 Heunerbcin
1657 2941 93 18 Harrison
1770 2941 60 18 White

1401 2964 111 20 Pechotsch,
1524 2965 77 19 Bonser,
1612 2965 27 17 &c
1648 2965 31 17 &c.
1705 2965 78 17 Francis
1799 2965 37 17 and

1402 2987 53 22 Days
1474 2987 42 16 lltli
1536 2986 63 18 Comic
1613 2988 82 20 Annual,
1714 2988 62 18 words
1799 2989 37 16 and

1401 3010 61 17 music
1476 3011 20 16 at
1505 3010 118 17 Chronicle
1633 3011 74 17 Office.*

1424 3041 39 18 The
1472 3041 61 18 editor
1541 3042 20 17 of
1569 3042 31 17 the
1614 3043 26 16 To
1646 3043 64 17 Arolia
1727 3043 56 17 News
1800 3043 36 17 and

1401 3064 32 17 the
1442 3063 101 19 Chairman
1558 3066 20 15 of
1595 3066 35 17 the-
1644 3066 41 17 Hot
1702 3066 79 22 Springs
1797 3066 26 17 Do-

1401 3088 52 16 main
1461 3088 63 17 Board
1540 3093 31 12 are
1580 3089 20 16 at
1613 3089 87 17 variance
1712 3090 79 16 because
1805 3090 32 17 the

1401 3111 64 20 latter,
1475 3117 20 11 as
1503 3111 24 17 he
1542 3111 76 17 himself
1634 3113 45 21 puts
1691 3112 17 17 it
1724 3112 113 19 would,not

1423 3133 44 18 bow
1476 3135 19 16 at
1504 3134 33 17 the
1545 3134 63 18 shrine
1625 3135 19 17 of
1653 3135 32 17 the
1694 3136 76 17 former.
1799 3136 38 17 The

1402 3157 59 16 result
1474 3163 39 11 was
1521 3157 43 17 that
1572 3159 20 15 at
1606 3164 10 10 a
1625 3159 64 16 recent
1705 3159 84 22 meeting
1806 3159 31 16 the

1403 3180 96 17 chairman
1508 3180 62 18 stated
1578 3181 44 17 that
1630 3181 23 17 he
1660 3181 90 18 intended
1759 3183 21 15 to

1402 3209 21 11 as
1432 3204 56 16 much
1497 3203 53 17 work
1565 3205 44 21 past
1617 3204 33 17 the
1659 3204 57 18 News
1724 3205 53 17 office
1785 3211 20 11 as
1815 3205 26 17 hn

1503 3227 45 16 This
1557 3228 70 21 system
1636 3228 20 16 of
1664 3227 79 23 boycott
1750 3226 33 19 did
1804 3229 37 16 not'

1402 3255 70 17 appear
1481 3251 20 15 to
1510 3251 49 16 meet
1571 3250 33 17 the
1612 3251 91 22 approval
1712 3251 20 17 of
1740 3252 33 15 the
1784 3250 55 18 other

1402 3273 93 17 members
1505 3273 118 22 whereupon,
1634 3274 20 16 to
1663 3275 57 21 quote
1729 3274 33 17 the
1775 3274 62 20 News,

1421 3296 34 17 the
1463 3295 117 18 Chairman's
1593 3297 74 22 temper
1683 3297 45 17 took
1745 3297 92 22 complete

1402 3319 74 17 control
1485 3319 19 16 of
1512 3319 45 21 him,
1568 3319 37 17 and
1613 3320 24 16 ho
1646 3321 50 16 went
1705 3320 27 17 off
1739 3320 19 17 in
1772 3326 11 11 a
1799 3321 29 16 tor-

1402 3344 43 15 rent
1453 3342 20 17 of
1489 3342 58 17 abuse
1562 3342 76 21 against
1654 3343 32 17 Mr
1702 3344 88 21 Spooner,
1806 3344 33 16 the

1402 3365 50 17 local
1458 3370 63 17 paper,
1531 3365 38 17 and
1577 3366 32 16 the
1618 3366 56 18 other
1681 3366 92 18 members
1782 3366 20 17 of
1807 3366 31 18 the

1406 3388 66 20 Hoard,
1482 3388 42 17 who
1533 3388 57 17 dared
1599 3390 19 16 to
1632 3394 75 17 express
1722 3395 23 11 an
1763 3389 75 22 opinion

1403 3411 19 16 in
1429 3411 107 22 opposition
1545 3413 20 15 to
1582 3412 34 17 his.
1642 3412 31 17 He
1681 3412 33 17 did
1723 3413 34 16 not
1772 3418 41 11 care
1828 3419 15 13 a,

1404 3434 56 16 damn
1484 3434 29 17 for
1529 3440 38 16 any
1583 3440 112 17 newspaper
1711 3441 43 11 man
1771 3436 19 16 in
1807 3436 32 16 the

1404 3458 89 21 country,
1498 3457 23 17 lie
1529 3461 39 13 Was
1582 3458 71 17 elected
1668 3464 51 16 upon
1731 3459 33 16 the
1777 3459 62 16 Board

1403 3480 25 22 by
1438 3480 32 17 the
1487 3480 67 22 people
1569 3480 38 17 and
1623 3481 91 18 intended
1730 3483 20 15 to
1766 3481 72 22 uphold

1404 3504 33 16 the
1446 3502 75 23 dignity
1529 3504 21 16 of
1557 3504 33 16 the
1702 3504 55 17 Some
1772 3505 67 21 people

1404 3526 139 21 have-peculiar
1551 3527 51 17 ideas
1611 3527 19 16 in
1643 3528 68 21 regard
1721 3528 19 16 to
1757 3527 70 22 uphold-

1404 3549 35 21 ing
1450 3549 49 17 their
1507 3549 76 22 dignity
1610 3551 111 16 meanwhile
1738 3556 35 11 our
1788 3556 38 16 sym-

1404 3572 74 22 pathies
1486 3578 31 11 are
1527 3572 46 17 with
1581 3573 32 17 the
1622 3573 61 18 editor
1691 3574 20 16 of
1728 3574 32 16 the
1776 3574 62 17 News.

1429 3612 30 15 An
1468 3611 110 22 impression
1594 3617 58 12 seems
1660 3614 21 15 to
1690 3613 48 16 exist
1749 3612 43 17 that
1808 3614 32 16 the

1404 3640 66 11 names
1478 3635 20 17 of
1507 3634 53 18 those
1575 3634 42 18 who
1634 3635 33 17 did
1675 3637 34 15 not
1717 3637 44 16 vote
1770 3641 24 12 on
1807 3636 32 17 the

1405 3657 49 17 local
1462 3657 65 22 option
1536 3658 87 21 question
1632 3664 19 11 as
1660 3657 45 19 welf
1712 3665 20 10 as
1739 3659 53 17 those
1798 3659 41 17 who

1406 3680 32 17 did
1446 3682 33 15 not
1486 3681 43 16 vote
1538 3682 19 15 at
1565 3680 31 17 the
1613 3681 77 22 general
1698 3682 80 17 election
1792 3683 47 16 ha-ve

1406 3703 38 17 had
1453 3703 52 17 their'
1513 3709 64 11 names
1586 3704 64 17 struck
1667 3704 26 17 off
1705 3705 33 16 the
1754 3704 86 18 electoral

1406 3726 45 18 soil*
1473 3727 44 15 This
1529 3726 16 16 is
1553 3729 34 14 not
1595 3727 33 17 the
1642 3733 48 11 case.
1722 3727 51 22 Only
1787 3728 54 18 those

1407 3749 42 17 who
1467 3749 31 16 did
1507 3751 31 15 not
1547 3750 43 17 vote
1598 3751 20 16 at
1631 3750 32 17 the
1670 3751 76 21 general
1761 3751 78 17 election

1399 3772 1 23 ■
1406 3772 40 17 will
1453 3772 74 22 require
1535 3774 19 15 to
1564 3772 54 17 make
1631 3774 118 21 application,
1764 3775 19 16 to
1794 3774 47 17 have

1406 3794 50 18 their
1462 3794 64 18 i.aines
1543 3796 84 17 restored
1641 3799 20 14 to
1677 3797 33 17 the
1726 3797 51 17 rolls.
1810 3798 31 16 All

1407 3818 43 16 who
1459 3823 47 12 were
1514 3818 79 17 entitled
1602 3819 37 17 and
1646 3825 48 11 were
1702 3821 34 15 not
1752 3820 80 23 register-

1407 3841 22 16 ed
1439 3842 20 15 at
1468 3841 32 16 the
1508 3841 44 18 date
1561 3842 20 17 of
1589 3842 33 17 the
1634 3842 38 17 last
1678 3842 80 18 election
1774 3843 67 17 should

1408 3864 43 17 take
1463 3864 33 17 the
1504 3869 108 18 neccessary
1627 3869 50 18 steps
1691 3868 21 16 to
1726 3866 48 17 have
1790 3863 49 20 their

1407 3893 65 11 names
1480 3887 66 22 placed
1554 3894 24 10 on
1587 3888 33 17 the
1628 3888 37 18 roll
1672 3889 33 17 for'
1712 3889 49 17 their
1769 3888 73 18 district

1399 3909 1 20 I
1408 3910 36 17 and
1455 3910 24 17 all
1496 3909 54 18 those
1560 3911 43 17 who
1616 3911 48 17 have
1673 3912 66 16 within
1756 3911 33 17 the
1804 3912 38 17 last

1399 3932 1 24 '
1408 3939 45 16 year
1467 3933 85 17 attained
1577 3934 32 17 the
1635 3940 35 16 age
1687 3935 20 16 of
1722 3936 119 20 twenty-one

1399 3956 1 25 j
1408 3956 68 17 should
1484 3956 23 16 do
1516 3956 33 18 the
1557 3962 56 12 same.
1630 3958 39 17 The
1677 3963 98 16 necessary
1783 3958 58 17 forms

1407 3980 33 16 for
1456 3979 105 17 enrolment
1573 3986 45 16 may
1634 3980 23 17 be
1674 3979 89 19 obtained
1777 3982 20 16 at
1810 3981 32 17 the

1399 3997 3 27 !.
1408 4003 43 21 pest
1459 4002 51 17 office
1528 4003 36 16 and
1582 4008 42 16 may
1641 4003 23 17 be
1688 4003 122 18 transmitted
1822 4005 19 16 to

1408 4025 33 17 Ihe
1449 4025 98 22 Registrar
1555 4026 20 17 of
1587 4026 85 17 Electors
1685 4026 100 22 Tuuranga
1799 4028 44 20 post

1409 4050 43 14 iron.
1479 4048 32 16 We
1520 4048 116 18 understand
1644 4049 43 17 that
1695 4055 12 11 a
1716 4055 47 16 copy
1780 4050 21 18 of
1808 4050 32 17 the

1408 4071 83 21 existing
1508 4071 35 16 roll
1556 4071 38 17 and
1610 4071 120 23 supplement
1745 4073 16 16 is
1784 4072 59 23 being

1408 4093 106 18 forwarded
1523 4095 20 16 to
1559 4094 45 17 each
1611 4098 44 18 post
1663 4095 53 17 office
1724 4096 19 15 in
1752 4095 33 17 the
1794 4095 38 18 elec-

1408 4116 47 17 toral
1467 4116 73 18 district
1549 4118 19 16 to
1576 4117 24 17 be
1616 4123 47 17 open
1674 4120 19 15 to
1701 4118 31 17 tho
1740 4118 64 19 public
1813 4119 30 16 for

1407 4139 110 22 inspection.

1886 119 47 17 Last
1941 119 58 23 night
2004 125 11 11 a
2022 124 45 12 man
2074 117 43 19 who
2135 117 75 23 alleged
2220 118 24 17 be
2261 124 38 12 was

1864 142 81 17 without
1951 148 65 12 means
2025 142 37 17 and
2077 141 69 17 unable
2160 141 21 17 to
2194 146 78 17 procure
2289 148 11 10 a

1862 165 73 22 night's
1940 165 82 23 lodging
2029 164 75 24 applied
2111 165 20 16 to
2138 164 101 17 Constable
2244 164 42 17 Mur-

1862 194 34 16 ray
1906 188 29 17 for
1948 191 87 20 quarters
2046 190 21 15 at
2083 187 33 18 the
2132 187 78 22 loc'-<-up
2226 188 74 20 stating

1862 211 43 17 that
1913 212 64 17 unless
1985 212 24 17 he
2018 216 38 12 was
2064 211 91 22 provided
2166 211 30 16 for
2204 210 23 17 he
2237 211 63 17 would

1862 234 24 17 do
1895 235 109 22 something
2012 237 20 15 to
2040 239 67 12 ensure
2116 234 28 17 his
2157 233 57 22 being
2228 233 59 17 admit-

1862 258 38 16 ted.
1924 258 40 17 The
1973 258 45 17 cells
2025 258 59 21 being
2093 256 37 18 full
2142 257 25 17 he
2175 261 39 12 was
2222 257 57 21 given
2288 263 11 11 a

1862 281 125 17 shake-down
1995 281 21 17 in
2025 281 32 17 the
2066 279 66 19 stable.
2164 280 25 16 At
2206 285 24 11 an
2246 280 53 21 early

1861 304 49 17 hour
1929 305 39 16 this
1989 304 88 21 morning
2097 303 102 17 Constable
2218 303 80 22 Murray

1861 327 60 17 fu'.'nd
1930 328 43 17 that
1981 327 29 18 his
2020 327 56 21 guest
2091 325 39 18 had
2145 326 58 17 taken
2218 325 30 18 his
2265 325 22 18 de-

1863 356 76 16 parture
1947 350 39 17 and
1994 350 47 17 with
2049 350 41 17 him
2097 355 12 11 a
2117 354 37 18 rug
2159 348 68 18 valued
2232 350 21 16 at
2261 350 36 16 15s.

1863 373 37 17 The
1909 373 111 22 delinquent
2028 379 39 11 was
2084 372 60 18 found
2161 373 20 16 at
2197 372 32 17 the
2246 372 51 17 hotel

1860 397 87 22 opposite
1956 397 107 21 refreshing
2071 395 76 17 himfcelf
2155 395 47 17 With
2211 402 11 10 a
2230 395 43 23 pint
2278 396 21 16 of

1860 419 50 19 beer,
1920 419 38 18 and
1966 419 103 23 enquiring
2081 418 59 18 about
2156 419 33 17 the
2205 419 55 16 route
2277 419 21 16 to

1861 442 79 17 Oxford.
1965 443 39 16 The
2014 448 37 17 rug
2062 447 38 12 was
2114 442 59 17 found
2189 442 20 16 in
2225 447 36 12 one
2278 442 20 17 of

1860 466 33 16 the
1902 466 51 17 hotel
1962 466 109 17 outhouses.
2088 465 31 17 He
2128 470 38 12 was
2173 465 86 22 brought
2264 465 22 17 be-

1860 489 40 17 fore
1909 489 32 17 the
1950 489 64 17 Bench
2027 489 38 17 this
2080 488 89 23 morning
2183 488 37 17 and
2238 487 60 18 under

1859 512 33 17 the
1912 518 56 11 name
1988 512 20 17 of
2028 512 53 17 John
2095 511 64 20 Jones,
2177 511 47 17 alias
2240 511 56 20 Cave,

1860 535 83 23 charged
1952 535 45 17 with
2015 535 33 17 the
2062 535 52 17 theft
2128 535 21 17 of
2161 541 11 11 a
2189 534 59 18 shawl
2264 534 34 18 tint

1860 560 91 20 property
1960 559 20 17 of
1997 559 82 16 William
2094 556 85 23 Murray.
2212 557 86 18 Accused

1860 581 66 18 denied
1936 582 32 17 the
1977 581 70 23 charge
2055 580 38 18 and
2102 581 62 17 stated
2173 581 44 17 that
2226 581 25 17 he
2259 581 38 17 had

1859 611 25 10 no
1893 605 119 18 recollection
2022 604 20 18 of
2050 604 58 22 being
2121 604 19 17 in
2155 604 32 17 the
2199 604 61 17 stable
2277 610 21 11 or

1859 628 74 23 having
1941 628 57 17 taken
2006 628 34 17 the
2049 628 65 17 shawl.
2139 627 39 17 The
2187 627 66 18 article
2259 627 38 17 had

1859 653 36 15 not
1903 651 47 17 been
1959 651 61 17 found
2032 651 20 17 in
2065 651 32 17 his
2114 651 110 22 possession.
2258 651 39 16 The

1859 675 64 16 Bench
1933 674 109 18 considered
2050 674 42 17 that
2101 674 32 17 the
2151 673 60 18 whole
2227 673 21 18 of
2264 674 33 17 the

1860 698 144 17 circumstances
2013 698 78 22 pointed
2100 698 20 16 to
2128 698 33 16 the
2170 696 49 23 guilt
2228 697 20 17 of
2264 696 33 17 ihe

1859 720 80 18 accused
1947 720 38 18 and
1994 720 100 18 sentenced
2100 720 40 18 him
2147 722 21 15 to
2173 726 35 11 one
2214 720 83 18 month's

1859 744 151 22 imprisonment.
2044 743 84 18 Accused
2145 743 62 17 stated
2223 743 44 17 that
2281 743 16 17 it

1860 773 38 11 was
1907 773 10 11 a
1927 769 55 21 great
1990 767 70 22 fallacy
2073 767 44 18 that
2128 767 33 17 the
2178 767 64 16 Bench
2259 767 38 17 had

1859 790 48 17 been
1916 791 88 22 laboring
2013 790 60 17 under
2084 790 21 17 in
2121 789 120 24 considering
2257 790 40 17 him

1860 814 63 22 guilty
1931 814 21 17 of
1964 814 33 17 the
2011 814 70 22 charge
2095 814 35 17 but
2146 813 43 17 that
2206 818 38 12 was
2260 813 25 17 im-

1859 837 88 17 material
1963 843 20 11 as
1996 837 47 23 they
2056 837 37 17 had
2108 836 67 23 passed
2188 836 109 23 judgment.

1859 860 31 17 He
1899 860 69 20 would,
1978 866 25 12 no
2012 860 66 20 doubt,
2088 866 30 11 see
2126 860 52 17 them
2191 860 64 22 again.
2281 860 17 17 A

1859 883 69 18 second
1944 884 70 23 charge
2031 884 20 17 of
2067 889 96 17 vagrancy
2179 889 38 11 was
2237 883 48 17 aban-

1858 907 69 17 doned.

1919 941 53 19 THE
1982 942 147 18 PURIFYING

2070 975 14 12 ♦

1857 1002 29 19 .Of
1903 1002 79 17 "Wolfe's
1996 1002 98 23 Schnapps
2111 1002 15 17 is
2140 1001 112 18 effectuated
2271 1002 26 22 by

1859 1026 34 16 the
1909 1025 95 17 healthful
2026 1026 79 21 activity
2121 1026 21 16 of
2157 1024 33 18 the
2210 1025 86 22 kidneys,

1860 1049 63 17 which
1935 1049 15 16 it
1963 1049 91 22 produces
2063 1049 19 16 in
2090 1049 26 16 its
2131 1047 69 18 transit
2212 1048 84 22 through

1860 1072 59 17 them.

1860 1136 52 17 THE
1917 1136 150 18 POLLUTION
2071 1136 33 17 OF
2109 1135 52 18 THE
2168 1135 127 18 UTUHINA.

1884 1182 23 17 In
1917 1183 112 16 futherance
2037 1183 21 16 of
2066 1183 32 16 the
2114 1182 104 22 objections
2237 1183 60 17 rais'ed

1860 1206 25 22 by
1895 1205 92 18 residents
1998 1211 24 12 on
2031 1206 33 17 the
2072 1205 60 18 baiiks
2142 1206 20 16 of
2170 1206 32 17 the
2211 1206 86 17 Utuhina

1860 1231 69 15 stream
1936 1230 20 16 to
1964 1229 33 17 the
2006 1228 94 23 proposed
2109 1228 108 18 conversion
2227 1230 20 16 of
2265 1230 32 17 the

1860 1253 58 16 Town
1928 1252 63 17 Board
2000 1252 86 22 paddock
2093 1252 41 18 into
2140 1258 11 10 a
2158 1257 74 17 sewage
2241 1253 54 19 farm,

1859 1282 11 11 a
1879 1275 80 23 petition
1970 1275 34 18 has
2012 1275 48 19 been
2069 1275 65 18 drawn
2143 1281 26 16 up
2182 1275 68 24 asking
2265 1276 32 17 tho

1860 1298 59 17 board
1930 1300 19 15 to
1957 1298 107 18 reconsider
2077 1298 50 17 their
2135 1298 81 18 attitude
2230 1299 20 17 in
2264 1300 33 17 the

1860 1324 70 15 matter
1937 1322 38 17 and
1984 1322 44 17 take
2037 1324 50 20 steps
2097 1324 20 15 to
2123 1323 79 21 prevent
2210 1322 33 18 tho
2260 1323 27 17 les-

1859 1352 31 10 see
1898 1345 49 17 from
1956 1345 90 23 carrying
2055 1347 32 15 out
2097 1345 28 17 his
2131 1345 101 18 intention.
2257 1346 40 18 The

1858 1368 112 23 petitioners
1978 1369 61 22 allege
2048 1369 43 16 that
2107 1369 33 16 the
2152 1371 59 14 water
2227 1369 22 17 of
2264 1369 34 18 the

1859 1394 70 15 stream
1939 1392 39 17 will
1985 1392 77 17 become
2071 1392 140 17 contaminated
2225 1392 25 23 by
2264 1393 33 17 the

1858 1415 75 22 impure
1941 1416 71 16 matter
2018 1415 98 22 deposited
2124 1421 24 11 on
2156 1415 33 17 the
2193 1415 60 18 banks
2259 1416 37 17 and

1859 1439 79 22 thereby
1947 1438 97 23 endanger
2051 1439 33 16 the
2092 1438 65 17 health
2166 1438 37 17 and
2218 1439 46 17 lives
2277 1440 20 16 of

1859 1462 32 17 the
1900 1462 81 17 families
1995 1462 61 22 living
2072 1467 45 12 near
2133 1461 33 18 the
2181 1461 61 18 banks
2258 1463 39 17 and

1859 1486 43 16 who
1910 1486 53 17 draw
1972 1485 50 17 their
2029 1485 69 22 supply
2107 1485 19 17 of
2135 1486 59 16 water
2203 1486 47 17 from
2264 1486 32 17 the

1859 1508 60 18 creek.
1945 1508 39 18 The
1992 1508 82 23 petition
2083 1508 33 18 has
2124 1508 47 18 been
2189 1508 67 22 signed
2271 1509 25 23 by

1859 1531 88 23 upwards
1956 1532 20 16 of
1984 1533 24 15 40
2022 1531 111 23 Europeans
2146 1531 38 17 and
2198 1531 34 18 has
2249 1533 47 17 been

1860 1555 106 18 forwarded
1975 1557 21 15 to
2004 1556 33 16 the
2046 1555 101 18 Chairman
2156 1555 20 17 of
2185 1555 32 17 tho
2225 1555 70 18 Board.

1883 1578 29 17 On
1924 1578 95 23 Saturday
2025 1578 89 22 morning
2127 1585 13 10 a
2152 1579 84 22 meeting
2250 1585 34 11 con-

1859 1602 60 17 vened
1928 1602 25 22 by
1961 1602 68 17 Petera
2037 1599 108 23 Pukuatua,
2162 1602 49 17 chief
2227 1602 21 17 of
2264 1602 32 18 the

1860 1625 74 20 Arawa,
1944 1625 46 17 took
1999 1625 53 23 place
2069 1625 17 16 in
2104 1623 57 19 Taine
2177 1625 26 17 Te
2220 1625 75 23 Kapua.

1858 1649 39 16 The
1906 1648 49 18 head
1964 1655 42 10 men
2016 1648 20 18 of
2044 1648 33 17 tho
2084 1648 76 17 various
2168 1648 61 22 hapus
2250 1653 46 14 \Vere

1858 1673 77 21 qresent
1943 1672 98 21 including
2050 1672 26 16 Te
2084 1670 77 21 Warihi,
2176 1671 40 17 Em
2227 1672 67 21 Paora,

1859 1695 74 17 Henere
1954 1695 94 19 Amohau,
2063 1695 81 17 Tae'<ata
2164 1696 19 16 te
2208 1695 86 20 Tokoilii,

1859 1718 72 17 Eruera
1939 1718 87 20 Pacinoe,
2036 1719 26 16 Te
2074 1718 129 22 Toinairangi,
2213 1719 83 17 Patanui

1858 1741 82 23 Poihipi,
1952 1742 26 17 Te
1988 1741 125 20 Awe'otuku,
2123 1741 83 18 Wiremu
2220 1742 74 21 Ratete,

1858 1765 30 17 Wi
1895 1764 81 18 Tariana
1984 1765 92 22 Ngatara,
2091 1765 27 17 Te
2130 1764 67 21 Waka,
2211 1763 26 19 Te
2250 1766 44 20 Toa,

1858 1789 91 17 Teuiuera
1958 1789 38 17 and
2002 1789 69 16 others.
2087 1789 68 16 Petera
2163 1788 87 22 presided
2258 1789 38 17 and

1858 1811 33 18 the
1899 1812 46 17 Rev.
1953 1812 81 17 Ratema
2043 1817 37 11 was
2089 1811 39 18 also
2134 1813 81 21 present.
2241 1812 56 17 After

1859 1835 54 17 much
1924 1834 103 19 discussion
2037 1841 10 10 a
2057 1835 79 21 petition
2149 1839 38 12 was
2196 1834 66 18 drawn
2267 1841 26 17 up

1858 1864 23 10 on
1891 1858 33 18 the
1931 1864 50 11 same
1990 1858 49 17 lines
2046 1864 20 11 as
2072 1858 42 17 that
2120 1858 20 17 of
2146 1858 32 17 the
2185 1858 110 23 Europeans

1857 1881 38 17 and
1904 1881 67 23 signed
1979 1882 26 21 by
2013 1888 45 10 over
2069 1882 32 16 100
2107 1881 78 17 natives.
2194 1881 45 17 This
2246 1883 40 20 peti-

1858 1905 39 16 tion
1907 1905 34 17 has
1949 1902 38 20 also
1997 1905 46 17 been
2053 1903 75 19 handed
2136 1905 20 16 to
2162 1905 32 16 Mr
2204 1905 90 23 Malfroy.

1858 1928 68 17 Petera
1942 1928 34 17 lias
1989 1928 19 17 in
2024 1928 85 17 addition
2122 1928 42 17 sent
2177 1934 11 10 a
2203 1928 93 23 (c'ogram

1858 1953 21 15 to
1888 1951 32 17 the
1930 1951 84 17 Premier
2022 1951 94 22 directing
2126 1951 28 17 his
2168 1952 95 16 attention
2276 1954 19 15 to

1858 1975 33 16 the
1898 1976 70 16 matter
1976 1975 37 17 and
2022 1975 113 22 suggesting
2144 1974 43 17 that
2195 1981 11 10 a
2214 1975 83 17 suitable

1858 1997 58 23 depot
1925 1998 29 17 for
1963 1998 33 17 the
2004 1998 61 17 whole
2074 1998 21 17 of
2107 1997 32 18 the
2154 1999 50 16 town
2222 2003 73 18 sewage

1858 2021 64 22 might
1930 2021 24 17 be
1963 2021 59 17 found
2031 2023 21 15 to
2060 2021 32 17 the
2101 2022 40 16 east
2158 2021 20 16 of
2193 2021 34 16 the
2244 2022 39 17 Pua-

1858 2048 59 17 reng.t
1938 2046 75 17 stream,
2033 2049 24 13 on
2082 2044 32 17 the
2140 2044 45 17 land
2210 2045 85 22 recently

1858 2067 89 22 acquired
1963 2067 25 23 by
1997 2067 35 18 the
2047 2067 128 17 Government
2194 2067 50 18 from
2260 2068 33 17 the

1858 2091 80 17 natives.

1882 2142 39 17 The
1938 2142 100 22 following
2055 2142 63 17 letters
2135 2142 48 17 have
2200 2142 48 17 been
2265 2148 20 11 re-

1858 2165 65 18 ceived
1931 2165 19 18 in
1960 2166 80 16 relation
2050 2166 20 17 to
2077 2166 34 16 the
2119 2164 59 18 above
2187 2165 109 22 subject:—

1992 2203 25 13 TO
2027 2203 41 13 THE
2077 2203 81 13 EDITOR.

1883 2229 40 21 SIK,
1926 2239 23 2 —
1957 2229 42 17 Has
2015 2229 33 17 the
2085 2229 48 17 local
2150 2226 98 25 authority

1858 2253 33 16 the
1898 2254 56 20 great
1963 2254 51 16 town
2024 2253 19 16 of
2052 2252 85 17 Rotorna
2145 2252 37 17 lost,
2198 2252 25 18 its
2239 2253 54 21 head,

1858 2282 22 11 or
1885 2276 57 17 fallen
1950 2276 27 16 off
1984 2276 24 17 its
2014 2276 62 22 perch,
2088 2281 21 11 or
2114 2275 19 17 in
2142 2275 52 23 plain
2199 2276 96 22 language

1878 2305 50 16 gone
1937 2299 80 17 crooked
2073 2298 53 18 what
2133 2297 9 19 ?
2166 2299 26 17 Or
2201 2299 54 23 havoj
2262 2300 35 17 the

1858 2328 66 12 census
1933 2324 74 15 returns
2013 2322 87 22 showing
2106 2328 11 11 a
2123 2322 71 22 doubly
2199 2322 97 19 increased

1858 2345 112 23 population
1979 2352 20 11 so
2008 2343 78 19 inflated
2098 2345 32 18 the
2147 2345 75 23 already
2231 2346 53 18 burst-

1858 2369 34 22 ing
1900 2375 53 11 sense
1962 2370 20 15 of
1990 2369 25 17 its
2024 2370 42 15 vast
2074 2368 85 23 capacity
2168 2369 30 16 for
2213 2375 70 16 govern-

1858 2392 33 20 ing
1898 2399 11 10 a
1918 2392 36 17 few
1963 2391 96 19 hundreds
2068 2392 20 16 of
2094 2391 147 24 long-suffering
2249 2398 34 17 peo-

1858 2415 31 22 ple
1898 2415 61 17 under
1967 2415 24 17 its
1991 2415 2 22 -
2000 2415 43 21 Gog
2057 2415 37 17 and
2111 2415 73 22 Magog
2199 2415 38 17 like
2253 2417 42 18 rule

1859 2439 43 16 that
1910 2439 25 16 all
1944 2439 42 16 idea
1996 2439 20 17 of
2024 2439 52 21 right
2086 2438 37 17 and
2137 2439 161 22 wrong—justice

1858 2462 37 16 and
1913 2467 63 17 mercy
2010 2461 85 18 malodor
2118 2461 38 18 and
2172 2462 100 22 fragrance
2272 2461 3 23 l
2276 2474 20 3 —

1938 2484 38 18 and
1989 2484 162 18 sickness—black
2164 2485 37 17 and
2213 2484 82 21 white—-

1858 2509 52 16 'l-rtth
1928 2508 37 17 and
1982 2509 109 17 error—has
2115 2508 114 22 evaporated
2246 2511 49 17 from

1858 2531 88 18 constant
1962 2531 104 23 proximity
2082 2533 21 16 to
2119 2531 69 18 Sodom
2204 2531 39 18 and
2257 2534 25 18 Go-

1858 2555 75 16 morrah
1950 2555 44 16 that
2010 2555 16 16 it
2042 2554 67 18 should
2132 2560 20 11 so
2170 2554 124 25 deliberately

1858 2578 86 18 sanction
1961 2578 38 17 and
2017 2579 79 22 support
2112 2578 46 17 such
2180 2584 11 10 a
2206 2578 89 25 palpable

1858 2601 99 23 dastardly
1973 2601 64 17 attack
2055 2607 22 11 on
2095 2601 33 17 the
2145 2601 75 17 welfare
2235 2604 20 16 of
2263 2602 32 20 the

1859 2625 118 21 community
1985 2631 21 10 as
2015 2631 28 10 we
2051 2625 48 17 have
2108 2624 25 17 all
2148 2624 100 20 witnessed
2257 2627 38 18 this

1858 2647 39 18 last
1905 2645 52 20 week
1966 2648 19 16 in
1992 2648 68 21 regard
2069 2649 21 16 to
2098 2647 33 17 the
2140 2647 85 18 Utuhina
2239 2651 56 17 riverj

1859 2671 39 17 The
1907 2671 146 23 shortcomings,
2062 2671 90 17 blunders
2168 2677 21 11 or
2205 2672 91 19 crimes—

1858 2693 106 18 whichever
1977 2696 49 15 term
2043 2695 41 17 best
2100 2693 92 18 describes
2209 2701 58 18 many
2276 2698 19 16 of

1858 2718 33 16 the
1899 2719 116 21 outrageous
2024 2718 73 17 actions
2105 2718 20 17 of
2131 2715 38 20 this
2174 2718 121 25 nondescript

1858 2740 70 21 Board,
1935 2740 62 18 which
2013 2741 46 22 only
2067 2741 113 17 caricatures
2196 2742 33 17 the
2246 2744 49 17 local

1858 2764 107 22 governing
1973 2763 65 18 bodies
2047 2765 20 16 of
2075 2765 35 17 the
2114 2761 132 24 Colony—has
2254 2767 30 17 cul-

1859 2787 83 17 minated
1951 2787 19 17 in
1980 2788 32 16 the
2030 2787 39 18 foul
2087 2787 66 22 design
2162 2787 20 18 of
2198 2789 97 23 polluting

1858 2810 33 17 tho
1900 2811 45 21 only
1954 2810 50 18 clear
2012 2811 41 17 cold
2063 2812 58 16 water
2129 2812 68 17 stream

1858 2834 19 16 in
1886 2839 35 11 our
1930 2834 87 21 suburbs,
2027 2832 37 19 and
2073 2834 34 18 has
2116 2832 104 26 effectively
2227 2837 67 16 roVTsed

1858 2857 32 16 the
1899 2854 70 20 British
1979 2857 39 17 lion
2027 2857 19 17 in
2051 2857 33 17 the
2093 2857 63 17 hearts
2163 2858 20 17 of
2191 2864 56 17 every
2256 2859 39 19 free

1858 2880 37 17 and
1905 2880 80 17 sensible
2001 2886 50 13 man,
2071 2885 73 12 woman
2161 2881 37 18 and
2215 2883 51 17 child
2275 2881 19 19 in

1858 2903 33 17 the
1900 2904 79 17 district.
2005 2901 36 19 Let
2050 2904 32 16 the
2096 2903 63 18 Board
2175 2905 74 18 beware
2257 2906 38 17 and

1858 2926 44 17 look
1912 2926 43 18 well
1971 2928 20 16 to
2000 2927 24 17 its
2041 2927 92 22 footsteps
2146 2926 19 18 in
2182 2928 32 17 the
2232 2929 63 18 future

1858 2949 36 17 lest
1900 2950 33 16 tho
1942 2950 38 17 fate
1989 2951 21 15 of
2018 2950 25 16 all
2053 2950 45 16 such
2106 2950 84 22 flagrant
2202 2952 92 18 offenders

1858 2973 76 21 against
1943 2973 33 16 the
1992 2973 42 17 first
2050 2973 104 17 rudiments
2171 2974 20 17 of
2207 2980 87 12 common

1858 3001 53 12 sense
1920 2996 38 17 and
1970 2994 65 25 public
2051 2996 80 22 decency
2149 2998 97 17 overtakes
2255 2999 37 19 and

1859 3019 123 17 overwhelms
1990 3019 16 17 it
2022 3019 20 17 in
2055 3026 11 10 a
2083 3020 86 21 seething
2184 3021 83 18 blizzard
2276 3022 19 17 of

1859 3042 64 22 public
1931 3042 122 23 indignation
2061 3043 61 17 which
2136 3044 39 17 will
2192 3050 61 17 sweep
2262 3042 33 20 the

1858 3067 77 20 present
1960 3064 50 19 local
2041 3066 99 22 authority
2161 3064 132 24 —Chairman,

1859 3088 93 18 members
1961 3088 38 18 ond
2007 3088 79 24 all—of?
2091 3089 33 18 the
2132 3090 62 17 Board
2211 3090 40 18 into
2261 3092 32 17 the

1858 3111 70 17 realms
1934 3112 21 16 of
1960 3112 90 17 deserved
2054 3112 98 23 ignominy
2159 3112 37 18 and
2204 3114 89 21 oblivion,

1859 3135 34 16 —I
1902 3140 36 15 am,
1949 3133 39 23 &c.,

2137 3159 108 18 SF.XTIXEt.

1989 3219 24 12 TO
2027 3219 41 13 THE
2081 3219 81 13 EDITOR.

1884 3245 41 22 Sir',
1927 3247 51 24 —In,
1985 3245 3 29 '
2001 3247 33 17 the
2066 3248 77 22 general
2176 3248 120 26 indignation

1860 3269 80 18 aroused
1949 3270 76 22 agiiinst
2041 3271 32 16 the
2089 3271 58 17 Town
2162 3269 64 20 Board
2234 3278 20 11 re
2263 3273 32 16 the

1861 3293 59 20 Hotel
1929 3299 74 17 sewage
2012 3294 74 17 scheme
2094 3294 37 17 and
2140 3294 33 17 tlie
2181 3297 115 20 consequent

1863 3316 73 22 danger
1944 3316 20 17 of
1970 3315 97 24 polluting
2075 3316 33 18 the
2116 3314 87 20 TTtuhina
2219 3319 76 20 stream,

1860 3339 16 17 it
1884 3341 51 15 must
1943 3341 35 15 not
1985 3339 26 17 he
2018 3340 99 23 forgotteft
2124 3340 44 17 that
2184 3346 35 12 one
2236 3348 45 10 mem-

1860 3362 33 17 ber
1901 3364 20 15 at
1929 3360 49 19 least
1986 3363 20 16 of
2014 3362 33 18 the
2058 3363 106 23 misguided
2181 3363 48 18 local
2245 3365 51 17 hodv

1861 3385 76 17 showed
1945 3383 77 20 himself
2030 3392 44 11 man
2088 3387 74 20 enough
2180 3388 20 15 to
2217 3387 79 18 criticise

1860 3408 33 17 the
1901 3408 80 18 Board's
1990 3409 68 19 action,
2068 3409 38 17 and
2112 3416 76 15 express
2194 3411 102 22 sympathy

1860 3431 47 18 with
1917 3432 31 17 Mr
1957 3431 47 18 Reid
2021 3433 63 16 whose
2100 3433 85 21 pleasant
2202 3434 94 17 residence

1861 3460 23 11 011
1902 3455 36 16 the
1952 3453 87 19 TTtuhina
2054 3456 16 16 is
2087 3456 109 17 threatened
2209 3457 21 16 to
2246 3457 24 17 be
2276 3463 20 11 so

1861 3478 72 22 cruelly
1948 3478 82 18 invaded
2047 3478 37 17 and
2101 3478 67 18 ruined
2183 3479 26 22 by
2217 3480 33 17 the
2259 3480 27 17 off-

1861 3501 98 21 scourings
1980 3501 48 17 from
2049 3501 56 18 three'
2129 3503 84 16 monster
2228 3503 71 17 hotels*

1861 3523 39 18 The
1909 3524 109 22 gentleman
2027 3524 75 17 alluded
2112 3526 19 16 to
2145 3525 15 17 is
2169 3525 31 17 Mr
2208 3525 59 18 Brent
2277 3528 19 15 to

1862 3546 62 18 whom
1933 3548 33 16 the
1972 3548 69 16 thanks
2050 3548 20 17 of
2087 3548 32 17 the
2136 3549 117 22 community
2266 3555 30 11 are

1862 3569 43 19 due.
1930 3568 19 19 ft
1958 3570 15 17 is
1982 3570 39 17 also
2030 3568 40 19 said
2079 3569 43 19 that
2130 3569 31 19 Mr
2176 3570 86 22 Mueller,
2272 3569 24 20 oii

1861 3593 80 23 hearing
1958 3594 20 16 of
2001 3593 33 17 the
2058 3598 74 18 sewage
2148 3595 117 22 proposition
2277 3596 21 16 at

1862 3621 46 12 once
1916 3616 121 22 pronounced
2046 3615 15 18 it
2070 3622 21 11 as
2099 3623 23 10 an
2140 3618 79 22 outrage
2231 3624 24 11 on
2265 3619 31 16 the

1862 3639 118 17 inhabitants
1988 3639 37 17 and
2034 3639 67 17 should
2110 3640 99 17 forthwith
2221 3638 25 19 be
2253 3647 33 16 pre-

1863 3663 77 16 vented.-
1962 3663 125 21 Fortunately
2107 3663 31 17 for
2153 3662 32 18 the
2201 3664 60 17 credit
2277 3663 24 18 of

1862 3685 34 17 the
1904 3685 74 18 district
1986 3685 56 18 there
2046 3689 33 14 are
2090 3685 44 18 thus
2150 3687 38 16 two
2205 3687 91 17 members

1863 3708 42 19 free
1910 3709 49 19 frpm
2009 3708 70 21 stigma
2087 3709 20 17 of
2121 3710 106 22 approving
2243 3711 20 16 of
2271 3716 24 11 an

1862 3731 105 21 insanitary
1992 3731 97 17 condition'
2103 3732 21 17 of
2140 3732 64 23 things
2229 3733 19 17 in
2265 3733 32 17 the

1863 3754 54 17 heart
1926 3755 21 16 of
1955 3755 86 16 Rotorua
2049 3754 61 18 which
2120 3755 62 17 would
2190 3755 20 17 in
2218 3756 26 17 all
2252 3762 33 16 pro-

1863 3775 87 24 bability,
1960 3784 21 10 lis
1995 3777 35 17 has
2046 3777 48 17 been
2108 3777 46 22 said,
2173 3779 76 17 conVert
2265 3779 33 17 the

1864 3802 55 24 great
1926 3799 66 18 health
2001 3801 60 16 resort
2069 3801 20 16 of
2105 3801 33 17 the
2154 3801 62 18 North
2232 3802 66 17 Island

1863 3823 40 17 into
1912 3829 12 11 a
1952 3823 111 22 death-trap
2074 3824 20 16 to
2226 3825 19 17 It
2253 3825 16 17 is
2277 3827 21 15 to

1863 3845 23 18 bo
1894 3846 95 23 fervently
2006 3847 72 21 prayed
2094 3847 44 17 that
2154 3847 32 17 the
2202 3847 99 18 wretched'

1864 3869 76 17 scheme,
1946 3868 23 19 ho
1978 3869 113 18 abandoned
2100 3875 20 12 as
2129 3871 30 16 far
2174 3876 20 11 as
2203 3871 33 17 the
2253 3871 45 17 wefet

1864 3897 21 11 or
1894 3892 87 18 TTtuhina
1990 3892 38 17 side
2037 3892 20 18 of
2069 3892 32 18 the
2117 3893 96 22 township
2228 3894 60 17 is.con-

1864 3915 73 20 cerned,
1948 3915 39 17 and
2000 3915 33 17 the
2048 3921 93 17 sewerage
2150 3916 57 18 taken
2216 3923 54 11 awav
2279 3918 19 16 to

1865 3939 31 16 the
1906 3939 40 16 east
1952 3938 44 20 side,
2007 3944 21 11 or
2036 3939 20 16 to
2061 3939 33 16 the
2102 3939 92 22 precincts
2207 3940 20 17 of
2235 3940 53 18 Ariki-

1864 3960 105 23 kapaknpa,
1980 3962 101 21 Puarenga
2089 3967 21 12 or
2127 3962 68 17 Sodom
2213 3963 38 16 and
2260 3963 26 20 Gp-

1865 3984 85 20 morrali;
1964 3984 63 22 places
2035 3984 25 17 all
2068 3985 97 22 naturally
2181 3985 83 22 adapted
2269 3986 31 18 for

1865 4007 31 16 the
1906 4007 94 21 reception
2011 4007 38 17 and
2058 4007 137 18 deodorisation
2201 4009 21 17 of
2230 4015 24 11 an
2263 4015 24 11 un-

1865 4029 73 18 limited
1947 4030 89 22 quantity
2049 4031 20 16 of
2082 4036 79 17 sewage.
2187 4031 72 18 Indeed
2267 4032 33 17 the

1864 4057 43 13 new
1920 4053 96 21 township
2040 4052 91 18 residents
2155 4059 30 12 are
2194 4054 105 23 singularly

1865 4075 24 17 fo>
1896 4077 66 15 funate
1970 4076 20 17 in
2004 4076 71 22 having
2089 4076 44 18 such
2150 4078 96 16 extensive
2263 4073 37 22 anil

1865 4098 84 18 effective
1965 4104 94 14 resource,s
2081 4099 29 17 for
2125 4099 138 19 deodorisation
2280 4103 14 14 at-

1865 4121 49 17 thoir
1930 4127 46 17 very
1985 4122 96 17 doors.—l
2089 4128 37 14 am,

2151 4146 101 16 Ngawha.

2322 118 17 17 A
2343 118 83 17 PETTY
2431 118 142 18 BURGLARY
2576 118 54 18 AND
2635 119 16 17 A
2658 118 102 18 SPEEDY

2476 141 125 17 CAPTURE.

2345 188 86 16 Rotorua
2439 186 42 18 bids
2491 187 36 17 fair
2535 188 19 16 to
2562 188 24 17 be
2595 190 65 21 pretty
2672 188 43 17 well
2731 193 20 11 re-

2320 210 101 22 presented
2439 216 24 10 on
2475 210 33 16 tlie
2522 210 51 18 June
2589 211 88 17 calender
2693 211 21 17 of
2728 211 32 17 the

2321 233 86 17 criminal
2416 233 77 21 sittings
2502 233 21 17 of
2531 233 32 17 tlie
2570 233 90 23 Supreme
2671 234 59 17 Court
2740 240 20 11 as

2320 256 20 17 in
2349 256 86 17 addition
2444 258 20 15 to
2474 256 31 17 the
2514 262 43 11 men
2570 257 83 22 charged
2667 258 46 17 with
2728 258 32 16 the

2320 280 82 21 robber}'
2411 281 22 15 at
2439 279 33 17 the
2476 279 48 17 Post
2533 279 57 18 Office
2599 280 37 18 and
2644 280 43 18 that
2698 283 21 15 at
2727 280 33 18 the

2320 302 72 22 Geyser
2404 302 65 20 Hotel,
2485 303 180 21 Whakarewarewa,
2680 303 80 18 another

2320 325 106 18 individual
2440 331 38 12 was
2491 325 39 18 this
2548 327 89 21 morning
2649 327 111 17 committed

2320 348 30 17 for
2359 348 113 23 feloniously
2482 350 87 21 entering
2578 349 38 17 and
2622 350 82 22 stealing
2710 351 50 16 from

2320 371 33 17 the
2370 372 89 22 premises
2478 372 20 17 of
2519 372 31 17 Mr
2565 372 98 20 Williams,
2691 374 69 16 Arawa

2320 394 70 18 Street.
2414 395 39 17 The
2470 395 88 17 evidence
2574 395 59 17 taken
2649 395 65 18 before
2728 396 32 17 Mr

2319 418 86 22 Malfroy
2420 418 38 17 and
2474 418 29 17 Dr
2520 419 79 17 Cinders
2616 419 38 17 this
2671 419 89 23 morning

2320 440 92 18 disclosed
2421 441 32 17 the
2468 442 38 17 fact
2520 442 42 17 that
2580 448 24 10 on
2621 442 32 17 Mr
2666 442 93 17 Williams

2319 465 88 22 entering
2415 465 29 16 his
2452 466 51 16 store
2510 471 26 11 on
2545 465 84 22 Monday
2639 465 88 23 morning
2735 465 6 17 l
2749 472 10 10 o

2319 486 109 19 discovered
2436 488 52 22 signs
2494 488 44 17 that
2553 494 51 11 some
2621 489 86 17 intruder
2722 489 16 16 Ji-
2747 489 12 17 d

2319 510 48 17 been
2385 516 24 11 on
2430 511 33 16 the
2484 511 89 22 premises
2594 512 107 22 overnight.
2735 512 24 17 In

2319 533 126 22 overhauling
2453 534 29 17 his
2491 534 54 18 stock
2551 535 31 17 Mr
2590 534 94 18 Williams
2690 535 69 17 missed

2319 557 76 16 various
2403 557 74 17 articles
2486 557 19 17 in
2515 558 32 16 tlie
2562 558 59 22 shape
2637 559 21 16 of
2675 558 84 23 wearing

2319 579 84 22 apparel,
2419 579 92 21 blankets,
2531 581 38 20 <£c.,
2585 583 19 15 to
2618 581 33 18 the
2667 581 55 18 value
2738 583 21 16 of

2320 608 45 11 over
2374 602 26 17 £ij
2409 602 71 18 besides
2489 610 11 10 a
2509 604 54 17 small
2573 606 79 15 amount
2661 605 20 16 of
2690 611 69 15 money

2320 626 49 16 from
2378 625 33 18 the
2419 628 86 16 contents
2512 628 21 16 of
2541 628 32 16 tlie
2586 628 36 16 till.
2654 628 39 16 The
2708 630 37 15 mat-

2319 651 29 14 ter
2364 654 38 12 was
2418 651 21 15 at
2454 655 46 12 once
2517 651 87 21 reported
2620 652 19 16 to
2656 651 102 17 Constable

2320 672 79 21 Murray
2408 672 42 17 who
2460 674 42 16 too'*
2513 675 51 21 steps
2576 675 21 16 to
2607 680 64 11 assure
2682 674 77 17 himself

2319 695 43 17 that
2368 701 25 11 no
2402 696 103 21 suspicious
2512 698 87 21 stranger
2608 703 38 11 was
2656 697 103 23 departing

2319 718 26 23 by
2354 718 33 17 the
2396 719 88 22 morning
2500 720 56 17 train.
2590 720 57 18 From
2664 721 94 21 enquiries

2320 741 55 18 made
2385 741 92 23 suspicion
2487 743 77 17 centred
2580 743 62 17 round
2655 750 35 10 one
2707 744 40 16 indi-

2319 764 71 21 vidual,
2405 771 11 10 a
2433 766 88 22 stranger
2534 767 21 16 to
2571 767 33 16 the
2620 767 60 22 place,
2692 767 42 19 and,
2747 773 11 11 a

2320 788 49 17 close
2379 788 61 17 watch
2448 793 39 13 was
2495 789 46 22 kept
2548 795 44 11 over
2598 790 29 17 his
2633 791 124 16 movements.

2320 811 25 17 As
2354 811 16 17 it
2379 816 38 12 was
2435 811 52 22 quite
2503 812 82 21 evident,
2602 813 94 20 however,
2715 813 43 19 that

2319 834 39 17 this
2373 839 52 17 wary
2438 834 105 19 individual
2556 842 39 11 was
2612 836 98 23 watching
2726 837 32 17 the

2319 859 118 16 movements
2457 858 20 17 of
2493 858 33 17 the
2541 860 61 21 police
2618 865 52 12 more
2687 860 70 22 closely

2319 886 47 12 even
2374 880 48 18 than
2430 880 23 18 he
2462 887 36 11 was
2506 881 59 24 being
2576 882 77 18 himself
2667 883 90 17 observed

2319 904 74 17 Master
2399 904 77 17 Charles
2488 905 79 22 Murray
2584 912 38 11 was
2639 906 82 17 detailed
2738 908 19 16 to

2319 927 44 18 take
2372 933 26 15 up
2406 927 34 17 the
2448 927 43 18 task
2499 928 39 17 and
2552 929 33 17 the
2601 929 32 18 lad
2650 930 107 21 performed

2320 950 30 17 his
2359 950 47 23 duty
2414 950 47 17 with
2469 957 24 10 an
2501 952 121 22 iutelligence
2631 952 93 24 certainly
2738 954 19 16 in

2320 973 84 17 advance
2425 974 19 16 of
2470 974 29 17 his
2526 980 60 17 years.
2628 976 39 17 For
2686 976 71 18 several

2319 997 59 17 hours
2395 997 24 17 he
2436 997 88 17 followed
2541 1004 25 12 011
2581 999 34 17 the
2631 999 44 17 trail
2693 1000 20 16 of
2729 999 28 17 his

2319 1025 71 17 quarry
2400 1020 28 17 till
2437 1020 24 18 lie
2469 1026 39 12 saw
2520 1021 40 18 liiui
2573 1022 132 23 approaching
2720 1023 37 18 and

2320 1042 111 24 concealing
2439 1049 10 11 a
2459 1044 54 17 small
2521 1045 64 22 parcel
2601 1046 62 16 which
2677 1046 24 17 110
2715 1051 32 12 car-

2319 1066 41 17 ried
2368 1067 20 16 in
2397 1072 10 11 a
2416 1072 54 17 swag
2477 1067 43 17 that
2533 1067 32 23 lay
2581 1068 70 18 hidden
2668 1071 90 20 amongst

2319 1090 33 17 the
2361 1087 105 26 shrubbery
2475 1091 19 16 in
2503 1091 33 17 the
2545 1091 68 18 Public
2621 1093 77 21 Square.
2719 1091 38 19 The

2319 1112 33 18 lad
2371 1113 129 23 immediately
2517 1115 87 22 reported
2621 1116 32 16 the
2677 1115 68 18 circum-

2319 1138 66 16 stance
2393 1137 20 17 to
2429 1136 29 18 his
2472 1137 63 17 father
2547 1138 38 17 and
2597 1138 35 18 the
2646 1144 50 15 man,
2714 1139 43 18 who

2319 1165 50 17 gave
2378 1159 32 17 the
2419 1165 55 12 name
2483 1161 20 16 of
2514 1161 81 17 Thomas
2609 1162 94 20 Tremain,
2719 1168 38 12 was

2319 1183 59 16 taken
2392 1184 19 16 to
2426 1183 33 18 the
2475 1183 85 23 lock-np.
2594 1185 39 17 The
2649 1190 54 18 swag
2719 1191 41 12 was,

2320 1206 60 17 found
2389 1208 20 15 to
2419 1207 75 16 contain
2504 1207 32 17 the
2542 1208 76 17 articles
2625 1208 70 17 missed
2708 1209 49 17 from

2319 1230 33 16 the
2361 1231 50 16 store
2417 1230 115 23 comprising
2541 1237 11 11 a
2560 1231 67 22 couple
2638 1232 20 16 of
2674 1232 48 17 suits
2738 1233 19 16 of

2320 1253 77 19 clothes,
2408 1254 38 16 two
2455 1258 46 17 rugs
2510 1260 21 10 or
2545 1254 75 21 shawls,
2635 1254 40 21 hat,
2693 1254 62 22 towel,

2319 1277 40 18 &.C.,
2361 1275 50 18 —all
2420 1272 121 22 identifiable.
2567 1278 56 17 After
2630 1278 34 17 the
2669 1278 88 18 evidence

2319 1298 40 18 had
2368 1299 47 17 been
2425 1299 44 17 read
2478 1305 44 12 over
2531 1301 19 16 to
2560 1301 33 17 the
2601 1301 79 18 accused
2690 1301 24 18 he
2722 1301 24 18 ad-

2319 1322 69 17 mitted
2404 1322 72 23 having
2493 1323 57 17 taken
2566 1324 33 17 the
2616 1324 75 17 articles
2708 1325 49 17 from

2319 1346 33 16 (he
2360 1347 51 15 store
2419 1346 39 17 and
2466 1346 63 18 stated
2538 1347 43 17 that
2589 1347 24 17 he
2620 1347 39 18 had
2668 1348 41 17 sold
2722 1354 36 12 one

2319 1369 39 17 suit
2366 1371 20 15 to
2396 1375 11 11 a
2416 1370 63 16 native
2487 1370 69 17 named
2575 1371 70 17 Simon.
2679 1371 31 17 He
2720 1377 38 12 was

2319 1392 46 17 thon
2374 1392 90 18 formally
2472 1394 109 16 committed
2596 1395 30 15 for
2634 1394 52 16 trial.

2455 1443 168 24 TOKAANU.

2354 1495 64 24 [FROM
2427 1499 40 15 OUR
2476 1498 47 16 OWX
2533 1501 169 14 CORRESPONDENT!
2703 1495 1 26 -
2705 1498 15 23 ,]

2342 1524 39 16 The
2390 1524 54 21 great
2453 1524 85 22 meeting
2545 1524 35 17 has
2588 1530 43 12 now
2642 1525 67 20 ended,
2719 1526 37 17 and

2317 1547 34 17 the
2360 1548 72 16 natives
2441 1552 32 12 are
2482 1547 89 23 wending
2580 1548 51 17 their
2639 1554 42 17 way
2691 1549 52 17 home-

2319 1570 52 17 ward
2380 1569 82 23 wearily.
2489 1570 31 17 All
2530 1571 43 17 that
2581 1575 80 19 appears
2675 1573 20 16 to
2709 1572 47 18 have

2317 1594 48 16 been
2375 1592 54 21 done,
2439 1594 16 16 is
2463 1594 34 17 the
2505 1594 102 23 collecting
2615 1595 21 17 of
2644 1601 13 10 a.
2662 1595 37 17 few
2707 1595 37 18 hun-

2317 1616 47 18 dred
2373 1616 74 22 pounds
2456 1617 82 17 towards
2547 1618 68 22 giving
2623 1618 44 17 four
2683 1624 22 11 or
2721 1618 35 18 five

2317 1640 100 17 fortunate
2424 1645 45 12 ones
2474 1646 11 11 a
2494 1640 77 23 holiday
2580 1641 38 22 trip
2627 1643 20 15 to
2657 1641 31 17 old
2702 1642 42 22 Eng-

2317 1663 53 20 land,
2388 1663 62 17 where
2466 1663 96 19 doubtless
2577 1665 34 16 the
2622 1664 74 18 burden
2711 1665 45 23 tliey

2317 1686 40 17 will
2363 1686 52 19 bear,
2423 1686 38 17 will
2469 1687 22 16 be
2606 1689 19 16 to
2632 1688 32 17 the
2671 1688 72 17 Govern-

2317 1711 53 16 ment
2380 1710 19 16 of
2409 1710 46 16 New
2584 1717 20 11 as
2618 1717 39 11 was
2670 1712 34 16 the
2719 1711 37 18 last

2317 1733 81 22 petition
2415 1738 10 11 a
2435 1733 73 17 similar
2519 1733 113 23 deputation
2645 1735 78 22 essayed
2737 1736 19 17 to

2317 1757 77 22 present
2403 1757 19 16 to
2432 1756 33 17 the
2474 1757 69 18 Queen.
2569 1757 40 18 The
2617 1758 95 22 assembly
2723 1758 33 18 has

2317 1780 35 16 not
2360 1780 47 17 been
2416 1780 124 22 particularly
2547 1782 141 17 remunerative
2695 1783 20 15 to
2724 1782 32 17 the

2317 1803 49 17 local
2375 1803 127 22 storekeepers
2511 1803 34 17 but
2554 1804 16 16 it
2578 1809 39 12 was
2625 1810 12 11 a
2646 1804 43 23 sign
2698 1804 19 18 of
2724 1805 32 17 the

2317 1825 37 18 end
2363 1826 55 17 when
2427 1826 99 23 the.many
2534 1827 86 18 hawkers
2629 1828 38 16 and
2681 1828 75 22 pedlars

2317 1849 47 18 took
2372 1849 50 17 their
2430 1849 100 23 departure
2547 1851 30 16 for
2591 1851 53 17 fields
2660 1851 37 17 and
2712 1855 34 19 pas-

2317 1874 53 16 tures
2378 1877 57 12 news.

2341 1896 39 16 The
2389 1896 79 22 Bishop'
2474 1896 20 17 of
2509 1896 80 23 Waiapri
2604 1903 39 11 was
2658 1898 46 17 here
2719 1898 37 17 last

2318 1919 79 22 Sunday
2404 1919 133 23 accompanied
2545 1920 26 22 by
2580 1927 10 10 a
2599 1921 66 17 lnitivc.'
2671 1921 86 17 student.-

2318 1942 39 17 The
2366 1942 57 17 latter
2431 1943 20 16 in
2464 1942 112 22 addressing
2589 1943 33 18 the
2639 1943 118 19 Parliament

2317 1965 79 22 pointed
2413 1968 34 15 out
2469 1966 50 17 their
2539 1966 83 18 freedom
2643 1967 61 18 under
2723 1968 33 17 the

2317 1989 72 17 British
2398 1989 39 22 Hag
2446 1990 101 21 compared
2560 1991 20 16 to
2594 1990 53 18 what
2662 1991 15 17 it
2693 1990 63 24 might

2317 2012 48 17 have
2375 2011 47 18 been
2431 2013 60 16 under
2500 2018 37 16 any
2546 2013 55 17 other
2610 2014 48 16 rule/

2340 2032 97 22 Tokaanu,
2448 2036 33 17 !>th
2488 2035 52 20 May.

2478 2086 108 23 TAUPO.

2349 2138 64 23 [from
2427 2142 40 12 our
2480 2142 46 13 owx
2535 2140 187 22 correspondent.]

2341 2163 46 20 Last
2396 2165 52 17 week
2456 2172 11 10 a
2476 2165 41 19 nice
2526 2166 28 17 lot
2563 2167 19 16 of
2592 2166 85 23 draught
2691 2167 64 18 horses

2316 2189 69 22 passed
2394 2189 83 22 through
2487 2189 50 17 from
2545 2189 33 17 the
2592 2190 110 23 Wairiirapa
2716 2191 29 17 dis-

2317 2212 45 18 trict
2371 2213 19 16 to
2400 2211 120 23 Cambridge.
2545 2213 52 23 They
2608 2211 39 19 wifl
2662 2214 93 22 probably

2317 2236 39 17 find
2366 2235 50 18 their
2424 2241 42 16 way
2475 2237 20 15 to
2505 2236 32 17 the
2551 2236 81 18 Thames
2644 2237 39 17 and
2697 2237 46 18 Coro-

2317 2258 76 18 mandel
2403 2258 103 18 Goldfields
2516 2259 61 17 where
2585 2260 52 17 there
2646 2260 16 17 is
2671 2260 15 19 Ji
2698 2260 30 23 ely
2735 2262 20 15 to

2317 2283 23 16 be
2349 2287 24 12 an
2382 2281 106 23 increasing
2497 2282 81 18 demand
2587 2289 21 11 as
2617 2283 32 17 the
2657 2284 60 16 mines
2724 2288 33 13 are*

2317 2305 110 22 developed.

2342 2328 55 22 Signs
2407 2329 20 16 of
2434 2328 33 17 the
2481 2328 104 23 dispersion
2600 2330 20 17 of
2635 2330 32 17 the
2681 2330 63 17 Parlia-

2317 2353 87 20 mentary
2411 2352 72 23 parties
2492 2352 21 17 of
2521 2352 32 18 the
2561 2353 73 17 natives
2643 2358 31 12 are
2684 2359 42 11 seen
2735 2354 21 17 in

2317 2375 33 17 the
2358 2377 65 15 returti
2432 2373 23 19 of
2467 2376 70 16 several
2554 2376 38 17 a'nd
2603 2377 102 17 rumoured
2719 2377 24 17 mi-

2317 2398 75 23 gration
2402 2398 21 17 of
2430 2404 58 16 many
2497 2404 57 12 more.

2341 2422 39 16 The
2388 2421 61 23 heavy
2454 2422 41 16 rain
2502 2422 70 22 during
2578 2422 37 17 last
2620 2422 52 17 week
2679 2422 76 18 Washed

2317 2451 11 11 a
2337 2446 37 16 few
2383 2444 58 20 holes,
2449 2446 42 17 etc.,
2502 2445 19 17 in
2528 2451 35 11 our
2571 2446 55 17 roads
2635 2446 20 16 in
2662 2446 25 17 all
2695 2446 50 18 du-ec-

2317 2468 56 20 fions,
2385 2468 35 16 but
2428 2468 33 16 the
2470 2469 45 16 staff
2528 2474 20 12 so
2561 2469 100 22 employed
2678 2469 77 22 quickly

2317 2491 79 18 effected
2406 2491 74 23 repairs.
2511 2491 39 18 The
2564 2492 85 17 heaviest
2663 2492 45 22 slips
2724 2499 30 10 are

2317 2514 88 23 reported
2414 2520 23 11 on
2447 2515 32 16 the
2487 2514 90 18 Tokaanu
2586 2516 52 19 roa*l,
2655 2516 99 22 espeeially

2317 2538 20 17 in
2346 2538 32 16 the
2387 2544 65 16 gorge,
2463 2538 34 16 the
2504 2544 54 12 scene
2565 2539 22 17 .of
2602 2538 32 18 the
2669 2538 68 18 shakes

2317 2561 19 17 in
2345 2561 77 22 August
2429 2561 43 17 last.

2341 2585 17 16 A
2366 2586 160 16 commencement
2534 2585 34 17 lias
2577 2585 47 17 been
2636 2585 55 18 made
2705 2585 47 18 With

2317 2613 35 11 our
2360 2608 46 22 long
2415 2608 95 21 promised
2518 2608 45 17 road
2573 2608 61 17 round
2643 2608 31 17 the
2688 2609 67 16 Public

2317 2631 82 17 Domain
2408 2631 89 17 Reserve/

2341 2653 44 18 Fish
2394 2660 31 11 are
2435 2653 88 23 reported
2531 2661 20 11 as
2559 2654 58 23 being
2625 2660 45 17 very
2684 2655 60 22 plenti-

2317 2677 29 17 ful
2355 2678 19 16 in
2383 2678 33 16 the
2424 2677 43 18 lake
2475 2678 39 17 and
2522 2678 55 19 river,
2589 2678 34 17 but
2636 2678 50 17 their
2700 2679 55 19 exact

2317 2700 114 23 description
2441 2700 15 17 is
2465 2700 69 19 varied,
2545 2707 56 16 many
2610 2701 90 23 thinking
2709 2702 45 21 they

2317 2730 32 11 are
2357 2724 128 17 trout/.-Some
2495 2725 20 16 of
2523 2725 32 16 the
2564 2725 35 17 fish
2606 2730 31 11 are
2644 2725 53 22 quite
2702 2725 55 17 three

2317 2747 39 17 feet
2364 2747 52 23 long,
2426 2747 37 17 and
2472 2747 16 17 if
2502 2747 45 23 they
2560 2754 32 11 are
2606 2748 19 17 in
2639 2747 45 18 such
2701 2747 53 24 large

2317 2770 110 22 quantities,-
2435 2770 36 17 the*
2476 2770 40 17 free
2524 2777 32 11 use
2571 2770 68 18 should
2651 2772 34 15 not
2693 2771 23 17 be
2725 2772 29 16 far

2317 2793 78 18 distant.

2341 2815 38 19 The
2396 2817 88 26 proposal
2501 2817 20 17 of
2537 2817 35 17 the
2589 2817 127 17 Government
2733 2819 20 15 to

2317 2840 54 22 plant
2380 2845 50 12 some
2439 2840 20 17 of
2466 2846 35 11 our
2510 2840 99 17 otherwise
2625 2840 67 17 barren
2709 2840 45 18 land

2317 2862 47 17 with
2373 2864 48 16 trees
2430 2865 60 15 meets
2498 2864 46 16 with
2553 2863 77 23 general
2636 2864 118 17 satisfaction

2316 2892 21 11 as
2345 2886 16 17 it
2369 2886 34 18 has
2416 2886 46 23 long
2477 2886 49 18 b6en
2542 2886 104 19 advocated
2662 2886 43 18 that
2722 2887 31 17 the

2316 2915 58 16 many
2382 2915 58 17 many
2448 2915 52 11 acres
2510 2910 20 16 of
2538 2910 33 17 the
2576 2909 67 23 dreary
2648 2909 61 23 plains
2715 2909 38 17 and

2316 2932 45 17 hills
2370 2932 54 17 could
2433 2933 23 16 be
2464 2933 58 17 made
2530 2933 76 17 fruitful
2614 2933 26 22 by
2654 2933 32 17 the
2701 2933 41 22 judi-

2316 2956 52 17 cious
2376 2956 89 23 planting
2473 2956 20 16 of
2502 2958 47 15 trees
2558 2956 20 17 of
2590 2956 25 17 all
2632 2956 120 23 description.

2317 2979 39 17 Tho
2373 2984 100 12 numerous
2494 2979 70 17 shelter
2583 2979 38 17 and
2642 2979 46 17 fruit
2704 2980 44 16 trees-

2316 3001 64 19 which
2387 3002 49 17 exist
2444 3003 21 16 at
2473 3002 32 17 tho
2514 3004 76 19 present
2598 3003 45 16 time
2651 3002 68 17 should
2730 3003 22 16 he

2317 3024 93 18 sufficient
2427 3026 55 21 proof
2498 3026 42 17 that
2557 3026 33 17 the
2606 3026 35 17 soil
2657 3026 16 16 is
2690 3026 61 17 worth

2317 3048 108 23 something
2434 3048 37 18 and
2479 3048 56 18 conld
2547 3048 24 18 be
2585 3049 54 17 made
2655 3048 62 19 better
2733 3049 20 17 in

2317 3077 65 11 course
2390 3072 20 16 of
2418 3072 51 16 time.
2497 3072 50 16 With
2556 3078 24 10 an
2590 3071 63 23 ample
2657 3071 70 23 supply
2733 3072 21 16 of

2317 3095 47 17 fruit
2373 3094 38 17 and
2419 3095 69 17 timber
2501 3095 65 22 Taupo
2580 3095 68 17 should
2660 3100 59 17 prove
2733 3096 20 16 to

2316 3118 24 17 be
2349 3123 35 12 one
2393 3118 20 16 of
2421 3118 32 17 the
2461 3119 51 16 most
2517 3118 95 17 healthful
2618 3119 70 16 resorts
2694 3118 20 16 of
2721 3116 33 19 the

2317 3140 63 18 North
2389 3140 71 19 Island,
2470 3147 21 11 as
2500 3141 32 17 the
2544 3142 48 16 keen
2604 3141 79 22 bracing
2697 3141 28 17 air
2738 3141 15 17 is

2317 3163 130 24 invigorating
2455 3164 21 17 to
2484 3170 65 17 young
2557 3164 39 17 and
2604 3164 37 20 old,
2652 3164 55 16 while
2721 3165 33 16 the

2317 3187 43 17 lake
2387 3187 39 17 and
2442 3188 108 17 I'noiJi:tains
2568 3187 42 23 givfe
2630 3193 11 10 a
2657 3187 97 17 coiitinual

2317 3211 50 16 feast
2375 3212 20 15 to
2404 3210 32 17 the
2452 3210 52 17 lover
2517 3211 20 16 of
2553 3215 77 18 scenery
2646 3210 39 17 and
2700 3210 54 17 those

2317 3233 88 23 disposed
2413 3234 21 16 to
2444 3234 34 16 the
2495 3233 99 18 beautiful.
2627 3233 38 17 The
2676 3238 78 13 -success

2317 3257 21 17 of
2347 3256 116 23 plantations
2472 3263 25 10 on
2504 3256 135 22 tlleitangiriri
2643 3256 45 17 hills
2693 3257 61 17 which

2318 3285 49 12 were
2380 3280 108 22 previously
2502 3280 83 17 desolate
2603 3280 37 17 and
2655 3280 68 16 barren
2738 3280 16 17 is

2317 3302 94 18 sufficient
2418 3304 56 21 proof
2483 3304 20 16 of
2514 3303 35 17 .the
2565 3302 103 23 feasibility
2684 3303 20 17 of
2722 3303 32 17 the

2317 3326 74 22 project
2400 3327 19 15 of
2427 3326 90 23 planting
2526 3327 31 16 the
2566 3326 61 22 plains
2633 3325 20 17 in
2659 3325 94 22 question.

2344 3350 26 16 As
2378 3348 78 23 regards
2465 3349 42 18 feed
2516 3350 29 17 for
2553 3349 64 17 horses
2625 3348 38 17 and
2674 3349 81 17 cattle'it

2317 3372 35 17 has
2371 3372 47 17 been
2435 3372 75 17 noticed
2526 3372 43 17 how
2585 3372 33 17 the
2634 3372 63 17 clover
2712 3377 43 12 now

2318 3395 78 22 spreads
2404 3395 62 17 where
2474 3396 17 16 it
2498 3396 34 16 has
2541 3394 32 18 the
2582 3394 125 23 opportunity
2717 3395 38 17 and

2317 3419 56 17 when
2382 3419 124 22 encouraged,
2516 3419 36 16 due
2561 3418 113 22 principally
2687 3419 20 15 to
2723 3419 32 16 the

2319 3441 106 18 wonderful
2437 3441 102 23 fertilising
2552 3444 64 19 power
2629 3441 32 16 the
2677 3441 78 17 humble

2317 3465 44 17 bees
2370 3464 91 23 (recently
2469 3464 112 17 introduced
2589 3464 37 17 and
2635 3469 43 12 now
2695 3464 59 17 found

2317 3488 21 16 in
2347 3487 38 17 this
2401 3487 99 23 direction)
2515 3488 43 21 give
2573 3488 21 16 to
2611 3487 37 17 this
2664 3487 90 23 herbage.

2319 3511 60 17 Could
2387 3513 35 15 not
2430 3511 36 17 the-
2470 3512 70 17 matter
2552 3510 24 17 be.
2588 3510 76 17 farther
2676 3510 69 17 investi-

2318 3534 58 22 gated
2385 3534 37 17 and
2432 3539 51 12 more
2491 3533 43 18 seed
2540 3533 37 17 and
2584 3533 43 17 bees
2633 3533 122 18 introduced?

2317 3557 45 17 —lt
2370 3557 15 17 is
2394 3557 75 21 worthy
2477 3557 21 16 of
2504 3556 70 17 earefwl
2580 3556 79 22 enquiry
2668 3556 37 17 and
2712 3557 44 17 trial

2319 3581 30 16 for
2357 3580 95 22 anything
2460 3580 44 16 that
2511 3579 63 17 would
2582 3579 55 17 make
2646 3579 33 17 the
2692 3580 53 16 other-

2317 3603 46 17 wise
2378 3603 68 17 barren
2463 3603 45 16 land
2524 3604 20 15 to
2554 3602 57 22 bring
2627 3602 53 17 forth

2318 3626 67 22 dantly
2394 3631 64 12 means
2466 3625 62 22 nmjilc
2537 3626 73 16 reward
2618 3626 30 16 for
2657 3631 63 17 many.

2401 3681 126 21 OPEN-AIR
2550 3681 126 19 CONCERT.

2343 3728 38 18 The
2389 3729 38 17 last
2435 3733 88 18 open-air
2531 3730 75 15 concert
2615 3729 20 16 of
2643 3729 33 17 the
2682 3730 76 22 present

2319 3758 65 12 season
2405 3751 46 18 took
2466 3751 60 22 place-
2540 3752 19 16 in
2584 3752 31 17 tho
2638 3752 118 18 Sanatorium

2319 3775 85 23 grounds
2413 3781 24 10 on
2446 3774 70 23 Friday
2525 3775 81 23 evening
2614 3775 43 21 last,
2667 3775 37 17 iuid
2720 3780 38 12 was

2319 3799 20 16 in
2349 3798 30 17 aid
2388 3798 20 17 of
2416 3798 32 17 the
2457 3798 57 16 funds
2523 3799 20 16 of
2555 3798 32 17 the
2600 3799 86 16 Jlotorua
2701 3798 57 17 Brass

2320 3820 60 19 Band.
2406 3821 39 17 The
2462 3821 57 22 night
2532 3827 38 11 was
2584 3821 42 17 cold
2641 3821 21 17 in
2674 3821 33 17 the
2714 3820 2 23 .
2724 3826 22 12 ex-

2320 3846 64 16 treme,
2389 3844 35 19 but
2432 3844 40 17 this
2476 3843 35 19 ,did
2526 3845 35 15 not
2575 3845 53 17 deter
2645 3845 32 16 the
2693 3843 64 22 public

2321 3868 49 18 from
2379 3867 106 23 extending
2499 3867 48 17 'heir
2561 3869 106 21 patronage
2683 3867 74 21 though

2321 3891 33 16 the
2363 3890 111 17 attendance
2490 3896 12 10 v.
2508 3897 20 10 as
2544 3891 35 16 not
2595 3897 25 10 so-
2631 3890 58 22 large-
2701 3895 20 11 as
2733 3895 24 11 on

2320 3914 88 21 pi'ovipus
2413 3913 101 17 occasions.
2539 3913 31 17 Mr
2576 3913 84 22 Malfroy
2666 3912 92 23 .occupied

2319 3937 35 21 .the
2362 3937 56 19 cl:':iir,
2429 3936 38 17 and
2475 3937 74 22 tlior.gh
2558 3937 118 17 it-wasmost
2683 3936 63 17 bocom-

2321 3960 35 22 ing
2365 3959 42 18 that
2415 3959 23 17 he
2447 3959 53 18 shoui
2511 3959 2 23 !
2528 3959 73 19 prosidc
2612 3965 47 13 -over
2672 3959 33 16 the
2721 3959 37 16 last

2321 3984 77 15 concert
2413 3983 20 16 of
2446 3982 33 18 the
2486 3989 23 11 ••s<
2516 3989 45 10 ason
2579 3988 27 11 we
2622 3982 87 19 question
2726 3982 32 16 the

2321 4005 79 17 wisdom
2410 4006 20 16 of
2443 4006 54 17 those
2511 4006 43 16 who
2568 4004 103 23 suggiisted
2685 4005 45 17 such
2747 4011 11 11 a

2322 4029 47 21 step,
2380 4029 19 16 in
2408 4029 47 16 view
2471 4029 20 16 of
2504 4029 33 16 the
2550 4028 107 22 precarious
2674 4029 48 16 state
2739 4029 19 16 of

2321 4051 119 18 liis-health..
2458 4052 39 16 The
2505 4051 47 17 bulk
2561 4052 19 16 of
2589 4051 31 16 the
2631 4049 90 19 numbers
2733 4057 25 10 on

2323 4075 32 16 the
2364 4077 121 22 prbgranime
2500 4080 39 12 was
2547 4073 79 18 allotted
2638 4074 19 16 to
2667 4073 31 17 the
2707 4073 51 18 band

2317 4096 2 22 ■
2322 4097 38 17 and
2376 4098 33 16 the
2425 4097 75 21 various
2515 4097 55 17 items
2585 4099 50 15 'were
2650 4096 106 22 performed

2322 4120 46 18 with
2377 4119 106 23 surprising
2492 4119 41 18 skill
2539 4119 38 18 and
2583 4119 93 22 precision
2682 4120 66 22 testify-

2323 4144 33 21 ing
2365 4145 19 15 to
2393 4143 32 17 the
2434 4142 86 23 aptitude
2535 4143 20 16 of
2573 4143 32 17 the
2614 4142 93 18 members
2721 4143 37 17 and

2783 118 35 18 the
2821 118 73 18 careful
2901 118 72 20 tuition
2981 119 21 18 of
3009 120 33 18 the
3053 120 113 22 bandmaster
3180 129 21 16 y»

2784 142 76 16 Munro.
2886 142 39 16 The
2934 142 46 22 only
2994 143 44 22 lady
3051 145 75 18 vocalist
3140 153 36 14 nres
3185 155 15 12 ~t

2783 171 38 11 was
2830 164 41 17 Mrs
2880 165 61 21 Cross,
2952 165 43 18 who
3004 167 47 16 with
3061 167 31 18 Mr
3100 169 50 17 Cross
3163 180 20 8 mi
3190 183 9 5 „

2783 188 33 17 the
2824 187 51 20 duet,
2907 188 39 17 The
2956 188 61 23 Gipsy
3146 194 17 17 in
3176 192 23 21 ,C

2782 212 50 16 most
2846 211 80 17 efficient
2943 218 84 12 manner.
3060 213 31 17 Mr
3107 214 50 21 Cross

2783 233 120 18 contributed
2931 235 40 16 The
2983 235 63 17 Death
3059 242 17 11 01
3181 233 18 28 'jj,

2783 256 68 23 telling
2860 257 54 22 style,
2924 258 38 17 and
2972 258 68 17 Messrs
3049 259 81 23 Willacy.
3141 253 57 29 ;Uave.'

2782 280 64 21 Oates,
2860 280 38 18 and
2915 280 21 18 C.
2954 281 21 17 F.
2999 282 54 17 Cross
3070 282 72 22 delight.
3150 287 9 16 -i

2782 303 90 17 audience
2881 304 45 17 with
2936 305 72 17 several
3016 310 45 17 very
3070 307 69 17 t-uneiul
3154 316 8 10 i;
3166 317 7 10 l(

2781 327 46 17 dies.
2853 327 38 17 The
2900 328 171 22 accompaniments
3088 335 44 12 were
3144 331 17 19 in
3175 336 11 9 0

2781 350 61 17 hands
2851 351 20 16 of
2879 350 47 17 Miss
2936 351 55 17 Cross
2999 351 38 17 and
3045 351 31 17 Mr
3084 352 82 20 Fordvce.
3182 359 5 17 J-

2781 374 33 16 the
2823 379 65 12 course
2896 374 20 16 of
2922 374 33 16 the
2964 374 82 23 evening
3054 375 90 18 MrM..lfr
3150 385 20 13 iy,
3181 386 7 12 o
3190 373 7 26 ',

2780 396 66 17 behalf
2858 401 19 12 01
2891 397 32 17 the
2940 398 147 17 entertainment
3101 405 92 16 commutes

2781 419 85 18 thanked
2874 419 33 18 the
2915 420 65 22 public
2989 420 29 17 for
3027 421 32 17 the
3067 421 62 18 liberal
3135 427 52 18 patroi
3194 419 3 26 '

2780 448 37 17 age
2825 442 94 18 extended
2927 444 121 22 throughout
3054 444 33 17 the
3098 451 64 13 sea-on.
3188 442 9 26 \

2781 466 127 17 considerable
2915 472 41 11 sum
2966 467 21 17 of
2995 472 68 13 money
3070 467 37 18 had
3114 468 17 18 in

2781 494 71 17 quence
2860 489 47 17 been
2922 489 61 17 raised
2998 490 37 17 and
3048 490 107 23 judiciously
3170 496 21 18 dis-

2781 512 84 17 tributed
2874 518 23 11 011
2905 512 101 22 deserving
3011 513 78 22 objects.
3112 515 47 19 Next
3166 524 31 13 war

2780 536 33 16 the
2821 536 108 17 committee
2935 536 63 22 hoped
3006 537 45 21 they
3061 536 60 19 would
3133 539 21 16 lie
3168 542 31 18 alio

2780 560 20 16 to
2809 564 81 15 arrange
2898 566 11 10 a
2917 559 63 17 better
2985 559 47 18 class
3039 560 19 17 of
3064 562 129 21 etiterta''umei,t

2780 581 38 18 and
2825 588 24 11 an
2858 582 55 17 effort,
2921 582 63 17 would
3001 583 23 17 be
3038 583 54 17 made
3107 585 19 16 to
3141 585 40 19 have
3190 595 8 12 a

2780 606 76 16 concert
2863 605 38 17 and
2915 605 51 17 band
2978 606 84 22 pavilion
3079 607 45 17 built
3143 608 18 17 in
3175 611 23 19 the

2780 628 86 18 interval.
2900 628 31 18 He
2948 628 103 18 concluded'
3068 628 26 23 by
3109 632 69 22 moving
3194 628 4 26 1

2780 651 67 22 hearty
2859 653 44 15 vote
2912 652 20 16 of
2940 652 70 17 thanks
3017 654 20 15 to
3049 653 33 16 vlie
3094 653 105 22 bandmaster

2780 674 37 17 and
2826 673 51 18 band
2886 675 29 17 for
2929 675 51 17 their
2996 675 81 18 efficient
3092 676 35 18 aid,
3143 680 18 16 to
3175 682 23 17 too

2780 697 58 18 ladies
2847 698 39 17 and
2893 697 109 24 gentlomen
3011 698 43 18 who
3061 698 37 18 had
3107 700 71 19 assisted
3184 706 15 16 at

2780 721 32 17 the
2821 720 75 18 various
2904 722 86 17 concerts
3004 721 38 17 and
3059 723 20 15 to
3095 722 27 17 Dr
3133 723 65 22 Ginders

2780 744 36 17 and
2827 744 46 17 Miss
2882 745 109 22 Thompson
3000 745 29 17 for
3037 745 33 17 the
3078 746 70 18 trouble
3154 748 45 21 taken

2780 766 37 19 and
2826 767 33 18 the
2865 767 80 18 interest
2962 767 65 18 shown
3044 768 19 17 in
3079 769 32 16 the
3124 776 64 14 arrange-

2780 792 61 18 ments
2850 790 103 23 generally.
2988 792 44 16 This
3048 797 38 12 was
3103 792 65 19 carried
3180 796 19 21 by

2780 814 123 17 acclamation
2912 814 37 17 and
2959 820 23 11 an
2992 814 104 18 addition!..!
3110 814 50 19 cheer
3171 824 27 13 was

2780 837 56 21 given
2846 837 29 17 for
2884 837 33 17 the
2923 837 79 23 speaker
3015 838 38 16 and
3061 837 32 17 the
3100 840 98 21 committee.

2780 860 38 17 The
2827 860 99 17 collection
2934 861 103 17 amounted
3046 862 20 15 to
3075 860 24 18 £l
3111 863 28 15 19s
3147 863 25 21 :>d,
3185 867 14 16 to

2780 883 61 17 which
2851 884 31 16 Mr
2891 884 84 22 Malfroy
2984 884 112 22 generously
3104 884 57 19 added
3175 887 17 18 £|

2779 907 79 22 making
2866 912 11 12 a
2886 907 48 17 total
2943 908 21 16 of
2973 907 25 17 £2
3009 908 30 16 IDs
3114 908 35 17 Tlie
3160 910 39 20 hand

2780 930 39 17 also
2828 929 83 19 received
2922 929 89 19 10s'from
3020 930 31 17 Mr
3059 929 18 18 3.
3090 930 87 20 Johnston
3185 937 14 16 of

2779 954 33 16 the
2821 953 68 17 Palace
2897 952 60 18 Hotel
2971 953 57 18 while
3044 959 23 12 en
3080 955 52 16 rotite
3145 957 18 16 to
3176 958 21 16 tlx

2815 1028 53 18 THE
2888 1028 53 18 HOT
2954 1028 85 18 LAKES
3056 1028 111 19 DISTRICT.

2803 1074 20 17 It
2831 1074 16 17 is
2858 1075 85 18 needless
2959 1076 20 17 to
2993 1081 34 17 say
3039 1075 44 18 that
3098 1081 35 12 one
3148 1078 18 16 of
3176 1079 26 18 the'

2780 1099 50 16 most
2850 1098 88 17 valuable
2954 1101 59 15 assets
3030 1100 20 16 of
3068 1098 32 18 the
3115 1101 60 21 people
3187 1105 14 16 of

2780 1121 100 17 Auckland
2889 1121 38 17 and
2936 1122 20 17 of
2964 1122 33 17 the
3005 1122 67 23 people
3081 1122 20 17 of
3108 1122 45 18 New
3164 1124 27 18 Zea-

2780 1144 45 17 land
2834 1144 15 17 is
2858 1145 32 17 the
2905 1145 123 17 wonderland
3045 1145 20 17 of
3081 1145 31 17 the
3128 1146 72 21 Thermal

2780 1168 85 17 District,
2899 1168 83 19 Already
2998 1168 25 18 its
3044 1169 50 17 fame
3113 1169 32 18 has
3164 1176 38 17 gone'

2780 1191 83 22 through
2873 1191 26 18 all
2908 1191 32 18 the
2949 1192 60 21 earth,
3020 1192 38 17 and
3074 1198 20 11 as
3106 1197 51 17 years
3169 1199 32 14 tiass

2780 1220 30 14 on,
2820 1214 16 17 it
2845 1214 44 19 will,
2900 1214 63 18 Unless
2971 1215 26 22 by
3014 1220 35 12 our
3063 1214 113 20 indifference
3186 1224 15 11 or

2780 1237 75 23 neglect
2863 1243 29 11 we
2900 1244 41 10 mar
2950 1238 33 17 the
2991 1240 93 20 prospect,
3091 1238 23 17 be
3119 1239 30 17 the
3156 1246 36 15 cyno-

2780 1267 43 10 sure
2837 1261 20 17 of
2872 1261 33 17 the
2921 1261 76 18 world's
3014 1261 110 21 wanderers,
3141 1263 34 17 and
3185 1264 16 18 be

2780 1284 77 23 eagerly
2865 1284 71 23 sought
2945 1284 26 23 by
2980 1284 104 19 thousands
3093 1286 19 15 of
3124 1291 77 18 voyagers

2780 1307 48 17 from
2839 1304 71 20 distant
2919 1304 55 21 lands
2983 1308 30 17 for
3021 1307 25 18 its
3061 1307 75 23 healing
3149 1312 53 17 waters

2779 1330 38 17 and
2822 1331 25 17 its
2853 1331 59 17 weird
2919 1331 38 17 and
2963 1331 96 23 imposing
3067 1331 134 21 manifestations

2780 1354 20 17 of
2809 1354 32 17 the
2850 1354 60 17 forces
2919 1354 20 17 of
2948 1354 79 17 Nature.
3053 1354 48 17 That
3110 1355 50 18 there
3170 1356 13 17 is
3194 1365 7 10 a

2779 1377 76 17 fortune
2863 1377 19 17 in
2892 1378 16 16 it
2916 1378 70 17 cannot
2995 1378 23 17 be
3032 1378 82 17 doubted
3128 1378 24 19 by
3165 1386 27 15 any-

2779 1406 35 11 one
2823 1400 78 23 capable
2909 1401 21 17 of
2938 1401 76 23 casting
3021 1401 30 17 his
3065 1401 50 17 mind
3128 1401 38 18 into
3178 1403 24 19 the

2780 1424 64 18 future
2848 1423 39 18 and
2892 1424 75 22 tracing
2973 1424 33 17 the
3013 1429 99 18 sequences
3118 1425 19 16 of
3143 1425 59 23 thingt-/

2780 1446 37 17 and
2827 1447 15 16 it
2851 1447 39 17 will
2899 1448 23 17 be
2931 1454 10 10 a
2950 1453 58 17 grave
3016 1447 82 18 blunder
3105 1448 16 17 if
3128 1448 31 17 the
3173 1450 19 17 Go-

2780 1472 98 15 vernment
2888 1470 66 18 allows
2962 1471 33 17 the
3004 1471 82 17 creation
3094 1471 21 17 of
3122 1477 36 17 any
3168 1478 25 13 con-

2780 1493 59 17 dition
2860 1494 43 17 that
2924 1498 44 18 niity
2990 1496 77 21 operate
3087 1494 73 23 against
3178 1496 24 18 the

2779 1517 143 18 attractiveness
2931 1517 20 18 of
2960 1517 32 18 the
3011 1517 74 18 district
3098 1519 19 16 to
3131 1519 71 18 tourists.

2780 1540 33 17 We
2822 1540 24 17 do
2854 1542 35 15 not
2897 1540 60 17 desire
2976 1542 19 15 to
3009 1541 110 17 accentuate
3133 1542 70 24 existing

2779 1563 51 20 evils,
2842 1569 21 11 or
2871 1565 20 15 to
2900 1564 50 17 refer
2958 1564 73 22 unduly
3040 1566 20 15 to
3069 1564 32 17 the
3115 1565 63 17 results
3188 1567 15 17 of

2778 1587 106 22 insanitary
2893 1587 106 17 conditions
3006 1587 19 17 in
3034 1587 33 17 the
3080 1587 82 18 Rotorua
3173 1589 22 17 dis-

2778 1609 46 18 trict
2833 1609 61 18 which
2901 1616 48 11 were
2959 1611 93 22 painfully
3061 1611 81 17 familiar
3150 1613 18 16 to
3178 1612 25 18 the

2778 1632 94 19 residents
2891 1634 71 22 during
2978 1634 34 17 the
3027 1634 43 22 pi.st
3086 1639 69 16 season,
3175 1635 27 18 hut

2779 1656 62 18 which
2849 1655 90 24 properly
2956 1656 78 23 enough
3047 1663 47 11 vere
3108 1658 34 16 not
3158 1658 45 22 given

2779 1679 98 23 publicity.
2903 1679 38 19 For
2950 1681 34 16 the'
2991 1680 46 18 evils
3048 1680 59 18 which
3120 1681 84 22 produced

2779 1703 55 17 those
2842 1703 68 18 results
2919 1709 31 12 are
2959 1703 78 23 capable
3046 1703 21 18 of
3074 1704 86 20 removal,
3174 1705 30 17 and

2779 1732 30 11 ere
2823 1726 80 17 another
2917 1728 69 16 tourist
3000 1732 65 13 season
3081 1732 59 12 comes
3154 1728 50 18 round

2779 1749 48 22 they'
2834 1756 42 15 may
2886 1750 48 17 have
2943 1750 65 18 ceased
3016 1751 21 16 to
3046 1750 53 18 exist..
3124 1750 38 18 But
3169 1751 12 17 it
3192 1752 10 17 is-

2779 1774 35 16 not
2821 1774 32 16 too
2862 1773 57 17 much
2928 1775 20 15 to
2958 1780 34 16 say
3000 1773 43 18 that
3051 1773 16 17 if
3075 1774 51 16 those
3135 1780 29 10 arc
3177 1775 27 17 left

2779 1797 20 16 to
2808 1796 49 17 exist
2871 1796 39 17 and
2923 1796 85 23 develop,
3024 1796 38 18 and
3075 1797 33 16 the
3122 1794 55 21 world
3188 1799 16 17 of

2778 1819 78 18 tourists
2865 1820 76 17 become
2959 1820 89 23 apprised
3060 1820 20 17 of
3095 1820 21 19 it,
3134 1826 19 11 as

2779 1848 31 12 urc
2820 1848 43 12 sure
2870 1844 22 16 to
2899 1843 29 20 be,
2938 1843 45 22 they
2992 1843 40 17 will
3041 1843 48 17 shun
3097 1844 32 16 the
3142 1844 58 18 district-

2779 1872 20 11 as
2809 1872 11 11 a
2828 1866 70 22 pla'gue
2912 1866 49 23 spot.
2992 1867 56 17 From
3063 1867 42 17 tnftt
3121 1867 86 23 township'

2779 1889 38 17 and
2831 1889 74 18 district
2918 1890 32 17 the
2966 1890 128 17 Government
3110 1890 74 18 receives
3197 1898 8 9 a

2779 1917 46 18 very
2833 1912 53 21 large
2894 1913 72 18 annual
2974 1918 80 12 revenue
3061 1914 47 16 from
3114 1915 54 16 rents,
3175 1914 29 17 and

2779 1936 16 16 it
2808 1936 16 16 is
2832 1935 35 18 but
2876 1942 11 11 a
2900 1937 71 17 matter
2987 1937 20 17 of
3022 1936 68 22 justice
3107 1936 41 18 that
3162 1942 44 12 some'

2779 1959 109 17 reasonable
2894 1959 112 23 proportion
3013 1960 20 16 of
3037 1960 33 17 the
3075 1965 67 17 money
3148 1960 57 18 should

2778 1982 23 17 bo
2810 1982 81 19 devoted
2899 1984 20 15 to
2928 1984 80 21 prevent
3017 1983 32 17 the
3058 1989 105 11 recurrence
3173 1984 17 17 of
3197 1990 7 11 a

2779 2005 76 22 malady
2864 2006 61 17 which
2935 2006 72 23 during
3014 2006 33 17 the
3055 2008 43 21 past
3107 2011 67 16 season,
3185 2007 20 21 by

2778 2029 25 17 its
2812 2029 110 22 prevalence
2978 2030 86 21 severity,
3074 2036 47 15 gave
3130 2036 20 10 so
3159 2030 45 17 much

2778 2058 56 11 cause
2842 2053 30 17 for
2881 2053 66 17 alarm.
2980 2053 53 17 With
3049 2058 11 11 a
3075 2052 66 18 liberal
3157 2055 49 15 water

2778 2075 69 23 supply
2856 2076 54 17 tliers
2917 2076 16 17 is
2941 2082 25 11 110
2976 2077 71 21 system
3056 2076 19 17 of
3083 2076 60 17 either
3150 2076 45 17 drain-

2778 2104 36 17 age
2823 2105 21 11 or
2852 2102 95 19 sewerage
2956 2100 20 17 at
2989 2100 90 18 Rotorua,
3094 2105 11 11 a
3118 2099 76 18 combina-

2778 2121 41 17 tion
2838 2123 20 16 of
2874 2123 147 17 circumstances
3034 2122 60 17 which
3112 2123 33 16 has
3161 2123 44 17 often

2778 2145 47 17 been
2834 2145 59 17 found
2908 2147 21 16 to
2945 2145 83 24 produce
3045 2151 50 12 more
3111 2145 95 23 insanitary

2778 2168 106 17 conditions
2893 2168 19 17 in
2924 2175 12 10 a
2949 2170 53 16 town
3017 2169 47 16 than
3077 2169 16 16 if
3108 2168 32 17 the
3157 2171 49 15 water

2778 2191 69 22 supply
2856 2189 33 20 dicf
2896 2191 35 19 dot
2940 2192 49 17 exist
2997 2192 21 18 at
3026 2192 32 17 all.
3084 2192 36 17 For
3129 2194 47 15 want
3190 2189 19 21 of

2778 2214 57 18 funds
2842 2215 34 17 the
2881 2215 59 17 Town
2946 2215 63 17 Board
3015 2215 16 17 is
3039 2215 69 17 unable
3114 2217 80 20 apparent-

2777 2237 21 21 ly
2806 2239 20 16 to
2835 2237 25 18 do
2868 2238 96 23 anything
2974 2239 30 16 for
3011 2238 33 18 the
3051 2238 132 22 improvement
3190 2239 16 16 of

2778 2261 108 21 sanitation,
2897 2263 68 21 except
2979 2262 20 17 in
3013 2262 33 17 the
3060 2263 49 16 most
3124 2262 82 23 peddling

2778 2290 47 16 way,
2837 2284 37 18 arid
2882 2285 47 17 such
2937 2291 21 11 as
2967 2285 39 17 lnid
3014 2285 96 22 generally
3118 2284 45 18 been
3170 2285 26 17 bet-

2778 2309 29 15 ter
2815 2308 34 16 left
2859 2308 85 20 undone;
2959 2308 38 18 and
3013 2309 33 16 the
3060 2308 96 17 nuisances
3171 2308 35 17 that

2778 2330 54 18 make
2841 2331 113 18 themselves
2962 2331 89 23 palpable
3066 2333 20 15 to
3100 2331 32 17 the
3146 2337 59 14 senses,

2778 2354 19 17 in
2807 2361 11 10 a
2827 2354 54 18 stroll
2889 2354 60 23 along
2958 2355 32 17 the
2999 2354 95 18 foreshore
3101 2355 20 16 of
3126 2355 31 16 the
3162 2354 44 17 Lake

2777 2377 39 17 and
2824 2376 76 19 even'in
2908 2378 33 17 the
2944 2376 2 24 ;
2949 2378 79 22 Vicinity
3041 2378 20 17 of
3069 2378 32 17 the
3115 2378 63 17 streets
3190 2378 16 16 in

2778 2401 32 16 the
2819 2402 37 16 two
2866 2401 111 23 townships,
2987 2401 52 17 leave
3049 2407 34 11 one
3091 2407 24 11 no
3125 2406 51 12 cause
3181 2401 27 17 for'

2777 2424 77 17 wonder
2863 2426 19 15 at
2891 2424 33 18 the
2934 2425 111 21 prevalence
3053 2425 21 16 of
3082 2424 79 17 sickness
3167 2424 29 17 dur-

2777 2447 34 22 ing
2827 2448 33 17 the
2876 2450 44 20 ptist
2936 2448 70 17 toifrist
3021 2453 72 12 season.
3126 2448 54 17 What
3194 2447 12 17 is

2778 2471 75 17 wanted
2860 2471 19 17 is'
2886 2478 11 10 a
2906 2469 70 24 system
2991 2471 20 17 of
3028 2471 72 17 surface
3117 2471 87 21 drainage,

2778 2494 104 20 concreted,
2892 2495 15 16 if
2917 2495 83 22 nothing
3008 2494 61 17 better
3078 2500 33 11 can
3122 2493 23 18 be
3150 2495 54 21 given,

2778 2517 61 17 which
2855 2518 32 17 the
2903 2518 77 22 copious
2995 2517 110 18 abundance
3120 2518 20 16 of
3155 2518 51 16 water

2778 2540 69 23 supply
2856 2541 55 19 could
2920 2541 48 22 keep
2977 2540 117 23 continually
3108 2540 69 18 flushed
3189 2546 17 11 or

2776 2563 96 23 running;
2886 2564 39 17 and
2934 2565 51 16 what
2999 2564 15 17 is
3028 2565 35 16 not,
3075 2564 35 17 less
3125 2563 81 23 urgently

2777 2587 116 21 imperative,
2901 2592 52 13 some
2962 2587 52 23 place
3023 2589 71 16 remote
3103 2587 47 17 from
3167 2587 31 16 resi-

2777 2609 72 22 dences,
2860 2610 38 17 and
2907 2610 75 22 beyond
2990 2611 33 17 the
3029 2610 106 23 possibility
3141 2610 20 17 of
3168 2616 29 11 con-

2777 2633 116 24 taminating
2905 2634 36 17 thfr
2954 2634 62 17 creeks
3031 2634 84 22 running
3128 2634 38 16 into
3180 2633 27 17 the

2777 2656 48 21 lake,
2835 2656 63 18 where
2907 2657 32 17 the
2947 2657 94 22 nightsoil
3049 2657 37 17 and
3094 2657 87 22 garbage,
3190 2658 16 14 at

2776 2681 77 20 present
2860 2680 98 22 polluting
2966 2681 36 16 the
3015 2680 124 22 atmosphere,
3158 2679 49 18 could

2776 2703 23 16 be
2809 2702 97 23 deposited
2914 2704 48 17 with
2977 2704 62 22 safety
3052 2704 20 17 to
3090 2704 32 16 the
3139 2702 57 17 inhabi-

2777 2727 52 16 tants
2837 2726 38 17 and
2884 2726 84 18 visitors..
2992 2727 19 17 It
3027 2727 15 17 is
3057 2726 102 22 extremely
3173 2726 24 17 dis-

2777 2749 105 17 creditable'
2897 2751 20 16 to
2939 2751 33 16 the
2992 2749 127 19 Government
3139 2750 41 16 that
3196 2755 10 11 a

2776 2772 96 23 township
2881 2773 32 17 the
2922 2777 68 13 source'
2996 2773 20 17 of
3025 2779 20 11 so
3054 2773 55 17 much
3125 2778 78 14 revenue,

2776 2795 38 17 and
2823 2801 35 12 one
2867 2796 34 17 the
2907 2796 144 17 attractiveness
3060 2796 19 17 of
3091 2796 61 17 which
3168 2801 38 16 may

2776 2819 23 16 be
2807 2825 11 10 a
2828 2819 50 17 mine
2887 2820 20 16 of
2915 2820 70 17 wealth
2994 2821 20 16 to
3021 2819 33 18 the
3060 2819 78 22 Colony,
3145 2818 61 18 should

2776 2841 103 18 have-been
2888 2840 81 20 allowed
2983 2844 19 16 to
3020 2843 33 22 get
3068 2843 40 16 into
3125 2842 43 18 such
3185 2847 20 12 an

2775 2865 106 22 insanitary
2889 2866 56 17 state.
2971 2866 16 17 A
2995 2871 46 17 very
3047 2865 53 23 large
3106 2867 76 16 amount
3189 2865 17 16 of

2776 2888 69 22 capital
2854 2888 34 18 has
2908 2889 47 17 been
2972 2888 85 18 invested
3073 2889 19 16 in
3108 2888 96 22 buildings,

2775 2911 100 23 including
2895 2918 71 17 among
2985 2912 52 18 them
3062 2911 92 23 probably
3178 2911 28 17 the

2775 2934 71 23 largest
2856 2935 52 17 hotel
2916 2936 20 16 in
2945 2936 47 16 New
2998 2935 88 19 Zealand,
3096 2935 38 17 and
3140 2942 10 10 a
3155 2940 37 11 num-

2775 2957 34 17 ber
2817 2958 20 17 of
2846 2958 54 17 other
2908 2958 63 18 hotels
2987 2958 38 18 and
3041 2954 164 27 boarding-houses

2776 2980 61 18 which
2846 2981 64 17 would
2918 2982 23 16 be
2950 2982 75 22 worthy
3032 2982 21 17 of
3057 2982 32 16 the
3095 2982 42 17 best
3143 2983 51 15 water-

2775 3003 108 23 ing-places
2899 3005 20 16 in
2935 3005 33 17 the
2985 3005 220 17 colonies—investments

2776 3027 42 17 that
2828 3025 39 20 will
2874 3028 23 17 bo
2905 3028 91 22 Virtually
3008 3027 67 18 fuined
3090 3028 15 17 if
3169 3027 36 17 idea

2776 3052 42 19 gets
2826 3050 72 18 abroad
2907 3052 43 16 that
2958 3052 32 16 the
2997 3051 53 22 place
3057 3052 32 15 has
3096 3051 32 16 the
3135 3052 60 16 charac-

2775 3074 30 16 ter
2813 3074 20 16 of
2842 3079 11 11 a
2861 3074 55 17 fever'
2921 3074 46 17 bed.-
2990 3074 30 18 No
3028 3074 54 17 harm
3091 3074 33 17 has
3136 3076 32 20 yet
3176 3079 20 11 en-

2776 3096 45 17 sued
2837 3097 36 17 but
2881 3097 33 17 the
2921 3097 94 17 incidents
3024 3097 20 17 of
3055 3097 31 17 the
3096 3099 42 20 past
3147 3102 58 12 season

2776 3119 68 18 should
2851 3120 24 17 bo
2884 3126 11 11 a
2900 3120 94 23 warning,
3000 3120 39 17 and
3043 3121 34 16 the
3084 3120 121 17 Government

2776 3142 39 17 will
2824 3143 23 17 bo
2856 3143 84 22 severely
2948 3146 23 15 to'
2983 3143 68 20 blame,
3065 3144 21 19 if,
3101 3144 62 17 before
3177 3142 29 17 tlie

2776 3166 47 16 next,
2835 3166 69 17 tourist
2918 3172 65 12 season
3001 3172 61 12 eomes
3078 3166 67 20 round,
3162 3168 40 19 steps-

2776 3194 32 11 are
2816 3191 35 15 not
2858 3189 61 17 taken
2930 3191 21 15 to
2967 3191 79 21 prevent
3063 3190 84 16 Rotorua
3162 3189 44 17 from

2776 3212 78 22 getting
2861 3213 33 17 the
2903 3219 56 11 name
2967 3214 20 16 of
2995 3213 59 23 being
3059 3219 11 11 a
3075 3212 109 22 death-trap
3190 3215 16 13 to

2776 3235 84 20 tourists,
2870 3236 75 17 instead
2955 3237 21 16 of
2992 3236 58 22 being
3066 3242 19 11 as
3101 3236 16 16 it
3133 3241 37 11 was
3185 3235 23 21 by

2776 3259 73 19 nature,
2860 3259 38 17 and
2907 3265 19 11 as
2935 3259 17 17 it
2962 3260 38 16 still
3015 3265 44 16 may
3072 3259 29 21 be,
3115 3256 32 20 the
3164 3257 44 18 niast

2777 3281 100 23 charming
2884 3282 38 17 and
2931 3283 85 17 effective
3024 3282 114 18 sanatorium
3180 3281 27 17 the

2778 3304 94 18 Southern
2881 3306 203 21 Hemisphere.—N.Z.
3094 3305 77 17 Herald.

1215 59 59 21 THE
1302 59 57 19 HOT
1386 58 94 20 LAKES
1509 55 172 26 CHRONICLE,
1710 56 192 22 WEDNESDAY,
1931 56 64 21 MIY
2025 58 30 21 13,
2074 56 57 19 189<?»

40 238 102 40 US-lON
155 234 138 18 RTKAMSHIP
308 231 116 19 COMPANY
442 229 30 17 OF

125 258 57 17 NEW
193 256 115 18 ZEALAND
317 255 81 16 Limited.

103 294 123 17 i-iuu'o-.h-u
238 282 178 26 DhTTuTT^r

174 326 47 15 i-Uic
233 322 95 18 ,-Yi)NhY

37 358 109 19 Waihora,
154 356 92 22 Tuesday,
257 355 46 21 May
317 354 26 18 12,
353 358 10 9 •'
376 356 19 16 P-
398 355 17 11 ul-

115 400 48 16 i'til!,

38 436 99 16 Takapuna
144 440 52 16 every
204 433 74 19 Monday

38 458 132 17 Majiinafua
177 461 55 16 every
237 452 103 22 Thursday.

37 481 116 20 DINGADEE,
165 477 121 21 Wednesday,
296 475 46 21 Hay
352 475 27 19 Li,
398 480 9 9 o
423 478 45 16 p.m.

36 520 91 16 Auckland
135 517 66 16 Brunch

252 514 105 15 Pahnei>t.«»n
369 513 34 13 Jim
407 511 42 16 Mini.

37 651 161 46 HUDDART,
223 647 111 21 PARKER,
355 647 54 17 AND
430 645 39 18 CO.

198 671 108 26 (limited),

59 721 96 24 Splendid,
331 717 94 17 Steamers
431 715 39 17 will

35 747 22 17 be
66 744 115 23 despatched
189 744 48 16 from
245 743 119 17 Auckland,
375 746 20 10 as
410 739 60 17 under

34 769 91 24 (weather
140 767 38 17 and
197 766 54 17 other
266 765 144 17 circumstances
425 767 44 17 per-

34 812 183 21 ForGIKBORNE,
223 811 104 20 NAPIER,
336 809 116 17 WELLING-

56 838 57 20 TON,
124 834 157 20 LYTTELTON,
291 835 15 16 &
315 831 129 21 DUNEDIN,

35 863 116 16 Tasmania.
159 860 126 17 ...Tuesday,
293 857 46 21 May
347 857 26 18 19,
390 857 19 15 1-
418 861 50 11 noon

36 886 101 18 Anglian,
155 884 101 17 Tuesday,
267 880 50 18 June
332 880 16 19 2,
360 880 21 16 12
388 884 56 12 noon.

161 929 51 18 FOR
226 926 112 19 SYDNEY,

80 953 115 24 (Returning
206 953 20 16 to
234 949 99 18 Auckland
341 947 80 24 Direct.)

34 978 93 21 Carrying
147 976 112 21 Passengers
280 974 30 16 for
331 972 135 19 Melbourne,

45 1001 54 17 other
104 1000 131 17 Australian
242 997 71 19 Ports,
319 995 38 18 and
363 995 92 19 Hodaht,

34 1028 149 19 Burrumbeet,
192 1026 118 16 Thursday.
317 1023 46 22 May
369 1023 45 19 20,4
421 1028 45 16 p.m.

33 1052 108 16 Tasmania
188 1049 97 19 Monday,
301 1047 49 17 June
362 1047 15 19 1,
392 1047 10 15 4
420 1051 46 17 p.m.

57 1078 32 17 All
98 1077 74 17 Tickets
179 1082 31 11 are
217 1075 93 18 available
318 1074 39 17 also
371 1073 31 17 for
410 1073 45 21 Stop-

34 1107 44 11 over
87 1106 23 11 or
117 1101 71 16 Return
203 1099 25 22 by
238 1098 55 17 ANY
309 1096 86 19 UNION
408 1096 60 17 CO.'S

35 1123 139 20 STEAMERS,
185 1122 38 17 and
229 1121 75 18 holders
312 1121 20 17 of
340 1119 67 18 U.S.S.
426 1119 42 17 Co's

34 1147 75 17 Tickets
129 1152 44 17 may
190 1145 59 17 travel
264 1145 26 22 by
311 1143 119 17 ANGLIAN
447 1147 21 12 or

34 1169 140 19 TASMANIA.

132 1199 23 17 L.
169 1199 24 16 D.
201 1197 108 17 NATHAN
322 1197 16 16 &
350 1195 47 20 CO.,

364 1219 80 22 Agents.

79 1265 125 19 ORTHERN
229 1263 147 19 STEAMSHIP
402 1262 49 17 COM-

33 1280 37 29 ±>
143 1289 77 20 PANY,
237 1287 118 18 LIMITED.

167 1333 165 19 TIME-TABLE.

32 1367 85 16 Weather
125 1367 33 15 and
165 1366 47 15 other
219 1365 131 16 circumstances
355 1362 110 22 permitting.

32 1434 73 17 Leave
113 1432 141 18 AUCKLAND
266 1435 39 12 eor
317 1430 148 17 TAUKANGA.

31 1465 96 18 Waiotalii
174 1464 61 22 Every
245 1463 84 22 Tuesday
338 1465 20 14 at
367 1463 11 16 5
383 1467 47 17 p.m.

31 1488 119 19 Chelmsford
198 1501 13 7 ~
244 1486 68 22 Friday
322 1487 19 16 at
350 1486 10 17 3
371 1491 47 16 p.m.

244 1510 113 23 Passengers
365 1508 52 22 only.

34 1545 69 17 Leave
115 1542 140 18 TAURANGA
263 1546 38 13 EOR
314 1540 150 19 AUCKLAND.

32 1576 118 19 Chelmsford
199 1587 12 9 „
243 1573 86 23 Tuesday
337 1574 20 16 at
365 1574 11 16 2
385 1578 46 17 p.m.

30 1599 96 19 Waiotalii
200 1611 11 8 ~
245 1597 68 22 Friday
322 1598 20 15 at
351 1598 9 15 4
371 1602 46 16 p.m.

285 1653 69 18 COOK
375 1653 16 17 &
416 1652 48 17 SON

207 1704 52 15 BOOK
271 1703 97 14 PASSAGES
381 1702 42 13 AND

36 1721 119 20 wiwSißm
233 1727 74 14 secure
320 1726 78 14 hertiis

193 1748 32 16 AT
237 1746 103 18 LOWEST
353 1744 82 18 RATES

30 1778 27 14 by
70 1778 17 13 r.
98 1774 15 16 &
122 1777 17 12 o.
150 1776 36 16 Co.,
196 1774 74 14 orient
278 1774 35 16 co.,
323 1773 74 13 direct
405 1771 60 14 lines

123 1799 89 14 oceanic,
226 1796 143 16 messageries,

130 1823 28 17 Or
164 1828 37 17 any
208 1821 39 18 line
254 1827 20 10 as
282 1820 79 18 desired.

52 1870 87 23 Enquiry
147 1868 77 18 invited.
238 1867 126 17 Information
374 1865 67 23 gratis.

31 1917 96 19 Intending
134 1919 99 17 passengers
246 1912 61 17 should
321 1912 53 21 apply
388 1912 28 15 for
433 1916 31 11 our

51 1939 36 15 free
96 1938 28 15 list
132 1937 19 16 of
158 1938 72 17 steamer
244 1935 71 19 failings
326 1934 34 15 ai.d
368 1933 47 15 fares
424 1936 18 12 at

78 1962 90 19 COOK'S
180 1960 124 20 SHIPPING
316 1959 102 21 OFFICE,

107 1994 22 16 76
137 1995 42 14 and
189 1992 21 17 7S
223 1990 164 19 Queen-street.

61 2020 85 18 Rotorua
162 2020 77 21 Agency
246 2016 3 25 :
262 2017 95 18 Hineinoa
366 2016 68 17 Street.

50 2052 47 16 N.R.
101 2051 82 16 —Drafts
191 2050 32 16 and
231 2049 77 17 Circular
317 2048 55 16 Notes
379 2047 57 16 issued
445 2049 18 13 at

30 2074 62 15 lowest
99 2074 68 14 current
175 2075 49 13 rates.

69 2218 68 13 TRADE
361 2213 68 14 MARK.

184 2331 56 20 ASK
255 2331 53 21 F.Olt

30 2382 433 49 HANCOCKS'

156 2455 181 22 CELEBRATED

209 2508 85 32 xxxx

141 2568 39 42 A
198 2567 37 43 I,
249 2566 39 43 E
307 2566 43 51 S,

160 2639 58 13 MADE
227 2638 54 14 I'T.OM
291 2638 41 12 TIIE

37 2678 114 31 FINEST
176 2676 87 32 KALT
284 2675 64 32 AND
365 2674 97 37 HOPS,

226 2728 41 12 AND

71 2766 53 14 FREE
136 2765 55 14 FROM
203 2765 38 14 ALL
254 2764 129 14 ANTISEPTICS
395 2764 26 12 OR

137 2791 139 14 DELETERIOUS
294 2790 64 13 ACIDS.

37 2862 138 33 CAPTAIN
197 2862 81 31 COOK
296 2859 167 37 BREWERY,

137 2904 192 21 NEWMARKET.

36 2973 289 47 Ehrenfried
342 2972 122 45 Bros

177 3029 142 22 BREWERS,

115 3061 106 20 ALBERT
237 3060 149 23 BREWERY,

57 3092 218 24 QTJEEN-STKEET,
289 3091 157 20 AUCKLAND

57 3146 68 17 WISE
137 3145 51 16 AND
199 3144 79 16 SPIRIT
289 3142 156 20 MERCHANTS,

67 3172 133 17 ..BOTTLERS
212 3172 51 15 AND
280 3170 144 19 IMPORTERS,

122 3195 27 19 43,
164 3197 130 13 aOEEN-fcTBELT
310 3196 71 12 VHABK

129 3245 50 12 BBIZK
190 3245 59 11 MEDAL
261 3245 34 10 AKD
306 3243 72 12 AWARDS

37 3268 25 16 At
70 3268 28 15 the
113 3267 89 20 following
217 3266 112 15 Exhibitions
344 3265 28 15 for
380 3270 32 10 our
421 3264 36 16 well-

132 3289 61 15 kncvn
207 3287 44 15 Bulk
261 3287 32 15 and
303 3286 69 16 Bottled

150 3309 47 16 ALE
208 3308 50 16 AND
270 3307 106 20 STOUT.W

38 3337 70 21 Sydney
115 3335 125 18 Internatiotal
248 3335 107 17 Exhibition,
367 3335 47 16 1379.

38 3358 102 16 Melbourne
148 3357 125 16 International
280 3355 109 18 Kxtiibition,
398 3356 68 14 1880-31

39 3379 43 16 New
89 3379 73 16 Zealand
171 3378 92 16 Industrial
267 3377 70 16 Exhibit
341 3377 34 19 ion,
381 3376 77 20 Welling-

82 3404 35 15 ton,
129 3401 47 15 188\3.

40 3422 43 14 New
102 3420 74 17 Zealand
190 3420 33 16 arid
237 3420 52 15 South
303 3420 41 15 Seas
359 3418 108 16 Exhibition.

83 3443 86 16 Dunedin.
180 3442 77 15 IHMH-PO.

41 3463 21 16 In
71 3464 75 15 addition
155 3466 18 12 to
182 3463 52 15 above
242 3462 43 16 have
303 3462 41 15 been
360 3461 80 15 awarded
453 3462 17 13 at

84 3485 102 15 TaMiianian
217 3483 108 19 Exhibition,
353 3481 117 20 JLauncebton,

86 3506 77 15 18'Jl-02.

126 3535 57 17 FIVE
194 3536 69 16 FIRST
281 3535 105 16 AWARDS

238 3561 33 12 FoB

47 3579 68 15 BULK
125 3578 108 16 BOTTLED
248 3578 58 16 ALES
323 3577 52 16 AND
395 3576 75 17 STOUT

130 3619 248 33 CHAMPIONSHIP

73 3666 65 22 Gold
150 3665 85 23 Medal
244 3666 28 22 of
282 3665 166 23 Australasia

149 3699 70 12 AGAINfcT
230 3700 97 11 ALLCOMERS
338 3700 32 11 FOI»

47 3730 91 24 KTJLE
151 3730 68 22 AND
238 3730 144 23 BOTTLED
397 3730 64 23 ALE

137 3781 55 17 Iluvii
198 3786 11 14 g
217 3788 11 8 u
237 3781 56 20 Large
302 3782 50 15 Stock
361 3782 18 16 of

157 3812 47 17 ALE
216 3812 50 16 AND
278 3812 82 20 STOUT,

47 3848 68 16 fiottleu
124 3847 16 15 in
150 3848 49 18 quart
209 3845 33 16 and
258 3845 37 20 pint
308 3846 68 18 battle*,
393 3846 80 20 specially

45 3869 69 16 brewed
121 3868 27 15 for
157 3867 28 16 the
193 3871 74 12 summer
276 3867 52 17 trade,
339 3867 54 15 which
402 3872 28 10 are
437 3873 36 9 now

46 3888 105 22 thoroughly
160 3888 83 18 matured,
256 3892 30 10 can
301 3893 9 8 v
317 3887 25 15 ith
357 3892 50 16 every
421 3888 43 15 uonii-

45 3913 52 15 denee
108 3908 108 18 recommend
231 3913 46 10 same
292 3910 18 13 to
324 3913 118 11 eoniiois«eur»
458 3915 17 9 a>

46 3932 62 16 second
115 3934 19 14 to
142 3935 44 12 none
195 3931 16 15 in
222 3929 29 16 the
259 3928 71 21 Colony.

150 3989 78 21 BAND
242 3989 34 19 OE
286 3988 85 21 HOPE.

47 4058 45 43 A
107 4055 128 21 CONCERT
251 4055 22 18 in.
291 4054 118 19 connection
429 4054 48 18 with

119 4083 36 19 the
165 4082 64 19 above
239 4080 42 20 will
290 4080 48 19 tnke
349 4080 56 24 place
416 4086 21 12 in
444 4080 33 18 the

48 4109 128 20 Schoolroom
186 4114 26 13 on
219 4107 74 24 Friday
309 4109 55 21 next,
378 4106 35 19 the
434 4106 43 18 loth

48 4135 46 23 itifct,
106 4136 22 18 at
138 4135 44 18 7.30
195 4140 47 19 p.m.

494 130 42 26 -\r
539 128 51 20 OTE
610 134 63 19 paper
692 127 41 18 and
749 126 113 25 Envelopes
879 123 46 19 with

494 146 19 27 J.
573 153 81 26 printed
667 153 91 25 heading
769 155 20 16 at
799 152 63 24 cheap
870 151 56 18 rates

494 186 21 15 at
525 179 106 21 Chronicle
646 179 63 19 office.

505 242 129 24 QUEEN'S
650 241 159 19 BIRTHDAY
826 239 86 19 BALL.

526 292 67 18 ROTO
595 292 35 17 BIT
632 292 16 17 A
665 291 134 18 FOOTBALL
816 289 73 18 CLUB.

508 343 13 16 A
550 341 102 20 SELFCT
665 341 73 18 BALL
752 339 40 19 will
800 339 25 18 he
837 338 60 25 given
905 338 20 19 in

494 359 42 26 A
564 367 34 19 the
609 367 94 19 Pukeroa
717 366 49 19 Hall
776 372 24 12 on
812 365 34 18 the
865 371 48 12 even-

493 394 34 25 ing
538 394 21 18 of

573 419 110 23 Monday,
703 418 57 19 25th
781 417 61 23 May.

494 448 72 20 Under
575 448 34 18 the
620 449 92 24 auspices
720 448 22 18 of
752 447 33 18 ilio
796 446 63 19 above
866 445 60 19 Club.

532 483 142 18 I'ahticui.aus
688 488 22 12 in*
724 487 82 14 future
824 486 62 13 issue.

631 514 20 18 J.
667 514 34 18 W.
718 512 128 22 WEBBER,

785 539 55 18 Hon.
856 538 43 19 Sec.

628 593 47 19 TO
703 594 16 18 L
736 593 16 18 E
768 593 16 19 T

498 659 95 46 Fpßol\l
610 661 29 18 Ist
648 659 60 23 June,
721 659 114 19 Furnished
850 666 23 12 or
888 666 24 12 un-

562 686 112 21 furnished,
700 686 122 19 six-roomed
840 685 86 25 Cottage

493 713 47 18 with
552 712 51 24 good
618 712 91 25 stabling
720 712 40 19 and
777 712 147 25 outbuildings.

519 738 43 19 Hot
575 738 89 19 Mineral
677 738 52 19 Bath
740 745 26 12 on
777 738 34 18 the
821 738 104 25 premises.

543 772 69 26 Apply
622 776 20 16 to
703 773 19 19 J.
739 773 27 19 11.
780 771 119 21 TAYLOR.

580 833 248 44 NOTICE.

493 906 197 32 FRANKTGN
716 906 207 32 JUNCTION

656 940 114 32 HOTEL.

494 998 200 46 PASSENGERS
710 999 26 22 by
753 999 52 19 train
821 1000 21 17 to
857 997 65 20 Auck>

681 1025 55 19 land.

493 1074 156 27 TRAINS
659 1075 27 24 st
691 1080 37 26 op
734 1073 44 26 20
784 1073 139 25 minutes

503 1119 20 15 at
531 1116 34 18 the
573 1115 104 19 Frankton
685 1115 97 19 Junction
791 1115 31 18 for
831 1114 77 19 dinner.

515 1141 42 19 The
580 1141 137 25 undersigned
746 1141 37 18 lias
814 1141 109 18 first-class

490 1167 64 20 Meals
566 1168 62 24 ready
638 1167 40 19 and
689 1167 70 19 served
769 1174 25 11 on
811 1167 73 19 arrival
902 1167 22 19 of

489 1194 26 19 all
527 1194 70 19 trains.

491 1227 217 46 William
743 1228 176 50 Geaeh,

545 1294 317 23 PROPRIETOR.

489 1345 146 24 Hancock's
644 1346 98 23 XXXX
749 1347 62 22 Ales
820 1346 101 30 always

619 1379 32 15 on
663 1372 125 29 Draught.

491 1427 230 47 Blocker's
771 1428 148 53 Dutefy

622 1485 161 47 Coeoa.

487 1585 136 31 Highest
632 1586 127 25 awards
773 1587 33 24 at
820 1591 101 27 every

607 1635 195 26 Exhibition.

520 1676 63 26 The
597 1677 96 25 latest
706 1677 28 25 is
747 1677 54 25 the
823 1677 96 26 Gross

486 1708 34 26 of
526 1710 110 25 Honor
650 1711 33 24 at
701 1710 54 25 the
776 1710 126 25 Amster-

487 1743 72 25 dam
568 1743 188 25 Exhibition
766 1743 90 29 1895,
866 1743 54 25 the

486 1775 127 31 highest
621 1776 138 31 possible
769 1776 117 25 award.

618 1836 52 26 N.O
680 1837 105 23 TICK.

487 1889 85 46 ALL
593 1890 202 19 OUTSrANDrNG
818 1890 104 19 Accmint»

564 1916 91 24 owingto
665 1917 78 18 Sxr.n
750 1914 82 26 Biiotii-
839 1914 82 21 lisinnst

486 1942 24 18 lie
524 1942 71 19 settled
605 1949 25 12 oil
642 1949 22 12 or
675 1942 68 19 before
760 1943 46 20 May
818 1943 30 21 27,
864 1943 56 18 1696.

513 1968 33 19 All
557 1966 69 21 claims
637 1970 82 19 nsrainst
730 1969 33 18 the
774 1970 46 17 firm
831 1971 54 16 must
896 1968 25 18 be

487 1994 98 19 rendered
595 1999 21 14 at
626 2001 55 12 once.

620 2020 97 18 STEELE
730 2020 144 17 BROTHERS.

514 2043 97 21 Rotorua,
623 2044 48 24 May
686 2046 27 20 12,
729 2046 53 16 1896.

623 2090 158 23 TENDERS.

486 2142 153 47 TENDERS
651 2143 78 18 wanted
740 2144 33 17 fOT
782 2142 90 24 clearing
880 2142 41 19 ftud

553 2169 115 25 ploughing
678 2169 63 18 about
755 2171 12 17 5
778 2174 56 13 ncres
849 2170 21 17 of
886 2168 34 18 the

485 2196 91 24 paddock
596 2202 49 12 near
665 2198 34 15 tlie
719 2195 95 19 Utuhina
839 2197 80 16 i-tream.

486 2222 71 19 known
569 2228 23 11 as
602 2222 33 17 the
646 2221 61 18 Town
719 2221 68 18 Board
794 2220 100 26 paddock.

512 2247 124 20 Particulars
648 2254 26 11 on
684 2247 123 25 implication
818 2250 21 15 to

637 2274 28 16 W.
680 2268 23 22 A'.
720 2272 128 21 BOULTOX,

755 2296 64 17 Grand
831 2295 64 18 Hotel.

529 2338 61 18 FOR
603 2338 79 18 SALE
696 2338 40 18 BY
749 2337 130 19 TENDER.

646 2387 41 19 will
705 2387 26 19 lie
747 2387 91 19 received
853 2393 28 18 up
900 2390 21 15 to

493 2409 16 22 J
553 2415 23 18 12
595 2421 51 11 noon
668 2420 26 12 on
713 2413 138 24 Wednesday,
871 2413 48 24 May

486 2439 54 23 20th,
562 2441 31 17 for
612 2440 99 25 purchase
731 2440 21 18 of
772 2439 34 19 the
813 2439 2 26 •
826 2439 95 25 building

485 2466 61 24 lately
557 2467 95 24 occupied
664 2467 25 23 by
700 2465 101 19 Morrison
813 2466 40 18 and
868 2465 37 19 Cor-

485 2492 51 23 bett,
548 2491 139 20 blacksmith*.

512 2518 42 19 Tho
564 2518 96 25 building
674 2521 20 16 to
711 2518 25 19 be
755 2518 95 19 removed
866 2518 52 18 from

486 2544 34 19 the
531 2544 78 24 ground
621 2548 25 21 by
656 2545 55 18 June
724 2546 29 17 Ist
765 2549 55 14 next.

512 2570 32 19 No
555 2570 70 19 tende?
635 2570 121 25 necessarily
764 2570 101 24 accepted.

691 2596 18 17 J.
724 2596 25 17 H.
763 2596 110 17 TAYLOR.

486 2657 120 43 IT'OUXD.
608 2657 68 17 —Two
684 2657 59 21 keys;;
755 2662 64 12 owner
827 2661 34 11 can
873 2655 48 17 have

550 2685 50 12 sumo
617 2685 25 12 ou
659 2679 115 23 application
794 2681 21 15 to
815 2679 2 23 1
830 2679 21 17 T.
869 2679 41 17 Fitz-

486 2703 71 22 gerald,
567 2703 37 17 and
613 2703 73 23 paying
694 2703 32 17 the
739 2704 39 15 cost
795 2702 20 17 of
832 2702 38 17 this
886 2702 23 17 ad-

486 2727 125 17 vertisement.

493 2779 80 43 lOST
595 2780 87 16 between
706 2779 52 17 Lake
781 2779 65 17 House
863 2778 58 18 Hotel

509 2807 15 15 J
550 2802 37 17 and
592 2803 33 17 the
637 2803 84 17 Pu'.eroa
736 2802 45 17 Hall
796 2808 11 10 a
821 2802 63 16 bunch
902 2802 20 16 of

486 2826 45 22 keys
540 2831 24 12 011
573 2825 60 18 chain.
658 2825 81 18 Reward
752 2831 24 11 on
790 2826 66 16 return
870 2827 19 14 to
897 2824 22 18 F.

487 2849 89 20 Cl.uuce,
586 2849 52 16 Lake
646 2849 66 17 House
720 2848 65 18 Hotel.

985 4226 26 38 A
1031 4226 52 39 sk
1115 4227 71 38 for
1210 4227 267 39 Hancock's
1498 4228 291 41 'Celebrated
1816 4226 189 43 XXXX
2032 4230 115 40 Ales
2177 4233 100 38 and
2301 4233 150 40 Stout.

2778 3347 51 17 FOR

2847 3371 151 18 LASSITUDE.

2873 3394 147 18 TORPIDITY,

2895 3416 68 18 SOUR
2980 3415 127 22 STOMACH,
3125 3415 3 22 '

2919 3439 178 21 INDIGESTION,

2943 3463 152 19 HEADACHE,

2966 3486 147 21 BACKACHE,
3127 3488 38 19 &c„

2779 3517 50 17 Take
2837 3524 12 11 a
2862 3517 66 23 couple
2942 3518 21 17 of
2979 3517 102 18 Fletcher's
3096 3518 46 17 Pills
3158 3522 51 16 every

2779 3541 68 17 second
2852 3541 67 22 night;
2933 3541 47 22 tliey
2986 3547 31 11 are
3025 3542 12 16 'a
3045 3542 76 21 prompt
3130 3541 37 17 and
3172 3544 37 14 sure'

2780 3569 42 12 cure
2831 3563 38 18 and
2878 3564 42 21 give
2929 3564 72 17 certain
3015 3564 58 18 relief.

2803 3587 160 17 FLETCHER'S
2977 3587 75 17 PILLS
3068 3593 31 11 are
3116 3593 11 11 a
3152 3586 56 23 quick,

2779 3616 43 11 sure
2838 3609 37 18 and
2890 3609 76 18 reliable
2983 3610 76 22 remedy
3076 3611 29 16 for
3121 3611 25 16 all
3163 3616 34 11 com-

2779 3633 70 22 plaints
2855 3632 71 23 arising
2943 3634 49 16 from
3001 3633 65 22 torpid
3070 3634 51 18 liver,
3132 3634 68 21 indiges-

2779 3656 47 20 tion,
2835 3656 54 17 weak
2895 3656 89 17 stomach
2992 3656 38 18 and
3038 3655 105 23 impurities
3151 3658 21 16 of
3181 3656 28 16 the.

2779 3679 62 17 blood.
2867 3679 52 23 They
2935 3685 34 11 are
2982 3679 95 23 prepared'
3087 3685 31 11 'on'
3132 3678 77 18 national

2779 3701 39 18 and
2825 3702 81 17 sensible
2913 3702 48 18 lines
2978 3702 38 17 and
3033 3702 24 17 do
3069 3704 34 16 not
3120 3702 72 19 contain
3201 3707 8 10 »

2779 3724 79 23 particle
2878 3725 21 17 of
2919 3725 86 20 calomel,
3023 3726 100 22 gamboge,
3142 3732 20 11 or
3177 3729 32 17 any

2779 3747 71 18 drastic
2873 3748 107 23 purgative,
2996 3749 35 17 but
3045 3750 75 21 operate
3128 3749 25 22 by
3170 3754 28 17 per-

2780 3771 58 23 fectly
2846 3771 77 17 natural
2932 3777 71 15 means,
3021 3772 26 22 by
3053 3771 119 23 stimulating
3182 3771 24 17 tin
3208 3771 1 23 1
3208 3771 1 23 '

2779 3794 47 17 liver
2834 3794 38 17 and
3000 3795 33 16 the
3041 3795 43 16 flow
3095 3796 20 16 of
3128 3796 37 17 bile
3177 3792 32 19 and

2780 3817 45 17 thus
2842 3817 109 24 producing
2974 3823 45 16 easy
3038 3818 119 18 evacuations
3177 3816 32 18 and

2779 3840 76 17 natural
2864 3841 96 17 cathartics
2972 3841 82 17 without
3062 3841 32 17 the
3107 3846 102 17 annoyance

2780 3862 38 18 and
2824 3863 45 23 pain
2875 3863 20 17 of
2902 3864 78 22 griping
2986 3864 37 17 arid
3031 3864 91 22 purging.

2803 3886 77 18 Beware
2889 3888 20 16 of
2925 3888 33 16 the
2974 3893 59 17 many
3048 3887 83 18 harmful
3146 3886 54 18 substi-

2780 3910 51 20 tutes
2839 3916 26 10 on
2873 3910 38 17 sale
2919 3910 21 17 in
2956 3916 58 16 many
3031 3909 61 23 shops.
3118 3910 53 18 None
3183 3912 26 14 are'

2780 3933 82 21 genuine
2871 3933 63 17 unless
2943 3933 46 22 they
2996 3933 46 17 bear
3050 3934 32 16 the
3091 3933 95 23 signature
3194 3932 15 17 of

2780 3953 22 19 F.
2810 3956 67 20 Moore
2886 3952 96 21 Clements
2998 3962 23 11 on
3031 3956 33 17 the
3072 3957 72 17 outside
3154 3961 44 16 wrap-

2779 3984 40 16 per.
2845 3976 138 20 CLEMENTS
2996 3979 77 18 TONIC
3087 3980 36 16 and
3141 3978 55 19 FLET-

2780 4001 91 28 CHER'S
2897 4003 75 17 PILLS
2997 4002 48 17 have
3070 4002 76 18 become
3169 4001 40 18 such

2779 4025 106 18 household
2894 4025 3 18 .
2905 4025 69 17 words,
2991 4025 43 18 that
3054 4025 104 18 imitations
3182 4029 27 12 are

2780 4048 108 23 frequently
2914 4048 70 17 offered
3016 4048 34 19 JVe
3072 4049 81 17 contend
3172 4048 37 17 that

2780 4071 38 17 this
2834 4071 95 18 imitation
2937 4072 16 17 is
2966 4072 33 17 the
3007 4072 55 21 proof
3076 4072 20 17 of
3112 4072 49 17 their
3175 4071 26 17 vir-

2780 4095 47 19 tues,
2845 4100 21 11 so
2883 4100 30 11 see
2926 4095 43 18 that
2986 4100 36 16 you
3040 4095 69 22 always
3127 4097 31 20 get
3182 4093 27 17 the

2780 4117 87 22 genuine,
2876 4117 81 23 bearing
2969 4118 32 17 the
3015 4123 54 12 name
3086 4117 38 18 and
3139 4117 70 18 address'

2780 4141 20 16 of
2807 4140 26 18 F.-
2839 4140 27 18 M.
2876 4140 102 21 Clements,
2988 4140 86 21 Newton,
3085 4141 85 20 Sydney.-
