4240 5820
101 186 47 28 the
162 189 91 25 orator
265 186 28 28 in
307 196 70 28 open
397 184 130 30 mouthed
543 183 112 29 wonder

103 236 29 19 as
146 226 66 39 they
224 226 99 29 waited
337 224 174 40 impatiently
531 224 45 29 for
587 223 71 29 their

103 267 97 36 prizes,
214 267 60 27 that
289 267 21 27 it
323 266 91 29 would
433 266 36 27 be
488 264 62 28 well
571 264 86 28 worth

103 306 80 28 while
196 310 28 24 to
243 310 48 34 get
310 307 47 27 the
378 304 149 30 children's
548 304 109 38 opinion

103 346 29 28 of
144 346 72 29 their
228 357 83 27 prosy
324 346 141 30 monitors.

140 386 53 29 We
224 388 70 27 have
319 388 80 36 again
433 386 116 28 sobered
574 385 80 27 down

103 426 71 29 after
184 427 47 27 the
245 426 129 29 delirious
388 426 167 28 excitement
567 424 29 28 of
609 424 46 27 the

103 466 110 33 general
228 466 125 33 election,
367 465 67 27 with
448 465 35 26 its
506 463 145 28 attendant

104 504 155 29 festivities.
298 505 40 27 As
358 515 15 17 a
393 503 128 38 tapering
540 503 41 27 off
594 511 46 28 pro-

103 554 58 18 cess
182 555 41 17 we
242 544 69 28 have
334 544 54 28 had
407 543 47 28 the
475 542 119 37 mayoral
614 542 28 27 in-

101 584 163 34 stallations,
284 584 85 28 about
390 583 90 28 which
504 583 76 27 there
602 593 53 16 was

101 634 36 17 no
150 623 175 35 excitement,
336 623 22 27 if
372 633 38 17 we
432 625 99 34 except
551 621 47 28 the
612 631 28 18 re-

100 667 80 34 entry
212 663 29 29 of
267 663 44 28 Mr
337 663 37 28 H.
403 663 27 28 S.
464 663 65 28 Fish
557 670 27 20 to
609 662 46 28 the

99 704 115 29 council.
254 704 46 28 Mr
320 703 37 30 H.
379 703 129 38 Gourlay,
528 703 48 29 the
595 713 60 18 new

101 755 101 27 mayor,
216 745 90 27 would
326 745 99 37 hardly
445 744 35 28 be
500 744 137 28 character-

97 785 59 28 ised
170 797 29 16 as
222 796 15 16 a
263 785 121 28 brilliant
407 795 72 24 man,
503 785 51 27 but
575 785 34 27 he
633 785 21 27 is

99 825 84 35 likely
198 829 28 23 to
247 825 37 27 fill
306 825 46 28 the
373 825 77 27 office
471 825 181 36 respectably.

101 865 160 35 Doubtless,
274 865 43 29 for
337 865 42 28 his
398 865 91 28 better
510 864 144 39 guidance,

100 907 35 28 he
149 906 53 28 will
223 906 35 29 be
271 906 180 30 admonished
472 906 36 37 by
529 906 47 28 the
590 906 52 28 irre-

100 947 134 36 pres.-ible
254 946 66 28 Fish
341 957 29 17 as
390 946 124 28 occasion
535 946 120 37 requires

101 987 64 28 —in
190 986 59 29 that
282 986 181 33 gentleman's
489 985 165 29 estimation.

100 1027 46 27 Mr
170 1026 30 28 C.
229 1026 92 28 Fisher
342 1027 49 27 has
414 1026 68 27 been
506 1025 148 28 re-elected

101 1066 99 37 Mayor
222 1067 29 27 of
268 1066 90 28 South
379 1065 138 33 Dunedin,
532 1065 55 27 and
612 1065 43 27 Mr

100 1106 5 16 ;
106 1106 26 27 i\
148 1105 28 27 S.
199 1105 112 36 Culling
336 1105 79 36 again
440 1104 125 32 presides
590 1114 65 18 over

101 1146 45 28 the
160 1145 125 37 borough
304 1145 28 29 of
353 1141 39 32 St.
412 1143 92 29 Kilda.

137 1189 38 25 At
190 1186 51 28 last
255 1186 122 35 meeting
390 1185 30 28 of
433 1185 45 27 the
500 1184 153 28 Education

101 1225 88 29 Board
203 1226 46 27 the
263 1224 107 39 subject
378 1223 30 30 of
416 1223 123 29 teachers
554 1224 98 37 taking

99 1268 63 33 part
187 1266 26 25 in
241 1263 194 29 controversial
463 1263 109 36 politics
598 1274 54 17 was

101 1303 122 41 brought
235 1315 47 28 up,
293 1313 117 30 apropos
426 1301 29 32 of
467 1313 17 18 a
503 1302 149 41 complaint

100 1346 71 28 from
193 1346 122 36 Naseby,
329 1345 108 36 against
459 1345 47 28 the
529 1345 124 28 teachers

101 1386 78 28 there
191 1386 44 27 for
247 1386 122 37 publicly
384 1385 164 36 canvassing
558 1395 35 18 on
607 1386 47 27 the

102 1425 167 37 prohibition
295 1425 67 33 side,
388 1425 64 33 and,
478 1424 72 26 after
577 1435 75 16 some

101 1464 151 29 discussion
273 1464 46 27 the
332 1463 143 36 following
492 1462 159 35 resolution,

101 1503 97 30 moved
219 1503 37 37 by
269 1503 46 28 the
336 1503 73 29 Hon.
429 1502 27 29 J.
477 1501 174 37 Macgregnr,

101 1543 136 29 seconded
258 1543 36 37 by
310 1543 43 26 Mr
372 1542 37 27 H.
423 1541 82 28 Clark
525 1552 54 17 was
593 1552 44 17 car-

99 1583 68 35 ried,
188 1583 45 26 Mr
247 1581 136 38 Gallaway
400 1582 78 26 alone
491 1581 143 35 objecting
645 1581 4 38 :

133 1622 34 28 In
180 1622 69 28 view
262 1621 28 28 of
310 1621 47 28 the
376 1620 135 38 necessity
526 1621 43 26 for
588 1630 46 28 pro-

99 1664 108 34 moting
231 1662 54 27 and
306 1660 181 37 maintaining
513 1660 132 38 harmony

99 1704 121 27 between
235 1701 132 34 teachers,
376 1700 53 28 and
444 1700 72 27 their
525 1700 107 28 commit-

97 1750 66 28 tees,
177 1742 54 28 and
250 1741 49 29 the
311 1740 98 39 people
428 1740 29 29 of
477 1741 48 28 the
543 1740 107 29 district

96 1783 141 36 generally
263 1781 54 28 and
331 1781 29 28 of
382 1781 48 28 the
450 1780 150 29 detriment
622 1785 29 24 to

96 1823 47 29 the
165 1822 128 29 interests
320 1821 30 28 of
373 1820 145 29 education
546 1821 59 28 that
628 1821 22 28 is

97 1863 84 38 likely
195 1867 28 24 to
240 1863 69 28 arise
322 1862 71 28 from
414 1861 221 28 misunderstand-

97 1905 50 28 ing
164 1903 54 29 and
232 1903 167 29 discussions
419 1902 26 27 in
470 1902 43 27 'he
534 1901 117 35 district,

97 1945 48 26 the
158 1943 85 29 board
256 1943 106 37 enjoins
382 1947 35 23 its
430 1943 125 27 teachers
569 1946 27 23 to
611 1952 27 19 re-

99 1983 71 30 frain
181 1993 31 20 as
223 1982 44 31 far
279 1993 30 20 as
329 1981 120 40 possible
462 1981 20 28 fi
490 1992 44 18 om
556 1982 98 39 taking

99 2028 60 35 part
169 2024 118 37 actively
297 2023 54 29 and
364 2023 120 38 publicly
496 2023 26 28 in
533 2023 119 38 political

99 2066 101 34 affairs,
214 2065 28 27 in
256 2065 48 28 the
314 2063 115 29 election
441 2063 29 29 of
479 2063 90 28 school
579 2073 56 18 com-

100 2107 119 33 mittees,
234 2116 30 17 or
272 2105 27 28 in
310 2115 53 27 any
377 2103 79 29 other
464 2104 67 28 local
543 2107 111 25 matters

100 2146 192 38 participation
306 2146 27 27 in
357 2145 88 28 which
471 2145 21 28 is
516 2144 84 37 likely
623 2148 28 24 to

99 2187 84 35 bring
196 2186 124 27 teachers
334 2185 57 28 into
401 2184 108 29 conflict
525 2184 64 27 with
600 2194 51 26 any

101 2227 102 28 section
218 2225 29 28 of
267 2225 46 28 the
334 2224 177 37 community.
556 2223 23 27 \\
590 2223 59 28 ilful

100 2266 143 37 disregard
264 2269 28 25 to
306 2265 54 28 this
379 2264 154 38 regulation
551 2264 53 27 will
619 2264 33 27 be

100 2307 112 27 deemed
228 2317 14 17 a
256 2306 102 28 serious

136 2348 26 26 A
187 2356 66 27 very
279 2355 144 27 necessary
454 2345 124 36 warning
602 2345 49 27 lias

94 2388 59 37 just
167 2386 70 28 been
254 2385 91 29 issued
366 2385 36 37 by
418 2385 45 27 the
484 2384 90 28 Postal
597 2384 36 28 De-

97 2430 149 35 partment,
260 2437 28 16 as
303 2430 28 23 to
345 2425 46 27 the
406 2425 55 27 risk
473 2424 126 28 incurred
613 2424 37 38 by

99 2467 46 29 the
154 2466 98 28 foolish
263 2465 119 38 practice
392 2464 28 28 of
430 2463 112 39 posting-
553 2475 98 25 money

98 2506 54 29 and
201 2505 125 28 valuable
373 2504 109 28 articles
533 2504 28 27 in
602 2514 32 17 un-

98 2545 151 41 registered
285 2545 104 28 letters.
442 2544 57 27 The
534 2543 116 29 circular

98 2591 94 25 states,
205 2586 60 28 that
284 2586 22 27 it
318 2585 23 28 is
360 2595 16 17 a
390 2594 126 18 common
529 2584 82 37 thing
624 2589 28 23 to

97 2628 58 27 find
168 2628 25 26 in
210 2626 47 28 the
270 2628 64 35 post
353 2624 77 29 office
449 2624 95 27 letters
563 2633 70 18 cram-

98 2667 63 29 med
174 2666 50 29 full
235 2666 66 28 with
312 2665 73 29 bank
397 2667 87 26 notes,
496 2673 66 26 very
574 2663 76 30 often

98 2708 29 28 in
140 2708 47 28 the
208 2706 125 29 flimsiest
346 2705 28 29 of
395 2715 103 19 covers.
539 2704 27 28 It
587 2714 48 19 con-

98 2749 90 26 tinues
243 2745 168 38 Frequently
442 2744 47 27 the
522 2747 127 24 contents

98 2786 130 39 protrude
241 2785 71 28 from
325 2785 48 27 the
392 2783 155 38 envelopes,
561 2794 31 17 or
604 2793 45 18 are

96 2827 85 28 found
192 2827 73 27 loose
278 2825 27 27 in
315 2825 45 27 the
372 2824 157 36 mail-bags,
545 2823 103 37 having

96 2868 79 28 burst
185 2866 72 28 their
265 2865 155 37 envelopes,
428 2863 54 28 and
491 2863 157 38 frequently

95 2907 95 29 letters
204 2905 73 29 rilled
287 2905 65 28 with
362 2908 77 25 notes
449 2914 45 18 are
503 2903 145 38 carelessly

95 2948 107 28 thrown
227 2947 73 27 loose
313 2946 58 27 into
392 2944 109 35 railway
523 2953 67 18 vans
606 2942 42 29 for

96 2988 47 28 the
156 2985 88 38 guard
259 2989 27 24 to
301 2984 104 27 deliver
424 2982 65 27 with
505 2982 45 28 the
570 2981 78 28 mails

96 3027 85 37 Many
191 3025 78 28 other
282 3034 75 17 cases
367 3022 79 29 could
457 3022 33 27 be
503 3021 143 28 instanced

95 3067 30 27 of
143 3066 179 28 carelessness
343 3074 33 17 on
398 3063 46 28 the
467 3066 61 34 part
552 3060 29 29 of
601 3061 46 28 the

96 3107 91 38 public
211 3106 26 27 in
262 3104 118 36 sending
399 3112 98 28 money
519 3102 36 38 by
576 3105 70 35 post.

96 3148 25 27 It
143 3147 73 27 often
241 3146 122 37 happens
387 3143 59 28 that
468 3143 94 28 letters
583 3152 48 18 con-

94 3187 109 36 taining
222 3195 97 27 money
339 3194 45 17 are
404 3183 107 36 alleged
533 3190 27 19 to
579 3182 69 27 have

94 3228 68 27 been
178 3227 52 27 lost
251 3226 24 27 in
292 3225 46 28 the
358 3227 62 35 post
441 3223 87 33 office,
552 3223 53 27 and
629 3221 18 28 it

93 3268 48 28 lias
155 3266 156 39 frequently
332 3265 69 28 been
416 3264 102 37 proved
538 3262 108 38 beyond

94 3309 86 27 doubt
194 3308 58 28 that
267 3307 66 27 such
354 3306 95 27 letters
469 3314 71 19 were
560 3303 87 29 either

93 3352 47 24 not
160 3348 106 38 posted,
280 3357 30 17 or
334 3355 70 19 were
427 3345 52 26 lost
503 3344 71 28 after
594 3345 54 27 due

94 3388 129 28 deliverv.
276 3387 88 27 When
394 3395 34 17 an
456 3384 189 37 unregistered

94 3428 203 35 money-letter,
312 3424 108 39 alleged
441 3427 27 24 to
488 3423 68 29 have
577 3424 68 28 been

94 3471 60 24 sent
169 3468 37 35 by
221 3471 70 31 post,
305 3467 22 25 is
341 3464 126 37 reported
488 3463 123 38 missing,
627 3466 19 25 it

93 3517 62 27 may
166 3507 108 37 happen
287 3505 58 29 that
358 3503 135 40 suspicion
510 3503 20 28 is
545 3508 58 25 cast
611 3514 35 19 on

94 3558 133 25 everyone
253 3545 150 29 concerned
408 3545 96 33 —viz.,
536 3555 32 16 on
600 3545 45 27 the

93 3595 95 23 person
203 3584 137 39 supposed
355 3589 27 22 to
403 3583 68 27 have
486 3592 17 27 p
518 3582 65 28 isted
598 3583 47 27 the

92 3625 90 36 letter,
196 3625 46 29 the
262 3624 106 29 officers
388 3624 29 27 of
431 3623 46 29 the
497 3626 62 35 post
569 3622 76 31 office

92 3666 120 37 through
247 3665 90 29 whose
369 3664 87 28 hands
490 3665 45 26 the
565 3664 80 28 letter

92 3705 90 28 ■would
208 3715 72 28 pass,
306 3704 55 27 and
388 3704 47 27 the
461 3713 97 27 person
586 3703 59 28 who

91 3744 90 30 would
196 3745 26 27 in
233 3744 127 38 ordinary
370 3754 21 17 c<
406 3753 61 18 urse
480 3742 104 29 receive
600 3743 46 29 the

91 3786 82 28 letter
186 3786 70 27 from
283 3785 47 27 the
356 3788 61 33 post
445 3784 88 33 office,
560 3783 86 29 either

92 3826 70 27 from
203 3836 16 17 a
245 3825 167 28 street-door
446 3823 159 35 letter-box,
632 3833 14 18 a

90 3865 107 38 private
229 3865 161 33 letter-box,
422 3874 65 17 over
516 3864 47 28 the
586 3866 60 35 post

91 3905 77 28 office
189 3909 122 30 counter,
327 3915 29 18 or
370 3905 70 27 from
455 3904 47 29 the
511 3903 87 29 hands
619 3905 27 27 of

92 3955 14 18 p.
120 3945 204 28 letter-corner.
365 3943 42 30 No
430 3944 93 29 record
546 3943 20 29 is
580 3944 66 37 kept

92 3985 30 27 of
135 3985 191 36 unregistered
340 3983 105 35 letters,
460 3985 51 26 and
535 3994 111 27 persons

90 4024 60 29 who
179 4028 63 34 post
275 4025 66 28 such
365 4024 94 29 letters
483 4023 163 38 containing

92 4074 99 26 money
203 4074 101 26 expose
320 4070 26 21 to
360 4065 164 35 temptation
551 4074 95 26 every-

92 4113 52 19 one
158 4104 118 37 through
294 4103 89 28 whose
397 4103 88 29 hands
496 4103 63 35 they
574 4107 69 25 must

92 4155 71 25 rase;,
179 4144 52 29 and
247 4143 26 30 in
299 4144 45 28 the
367 4148 82 25 event
472 4143 29 30 of
527 4145 100 28 non-de-

90 4185 89 36 livery
210 4185 139 36 suspicion
382 4184 22 27 is
425 4189 58 23 cast
504 4194 34 19 on
564 4195 79 26 many

89 4225 130 27 innocent
229 4234 122 27 persons.
391 4223 58 28 The
462 4224 181 37 Department

90 4263 133 30 conclude
257 4264 37 37 by
328 4263 123 38 warning
479 4264 46 29 the
551 4265 91 38 public

89 4309 109 32 against
211 4305 48 28 the
269 4305 129 38 practice,
408 4306 54 27 and
473 4305 37 36 by
520 4310 107 33 request-

90 4345 47 35 ing
170 4345 75 26 them
277 4349 28 22 to
337 4345 117 35 register
485 4345 35 27 all
548 4346 94 27 letters

89 4383 161 39 containing
264 4394 98 28 money
376 4383 27 29 in
418 4384 100 30 future.

125 4425 58 27 T!ig
196 4424 184 38 proceedings
394 4425 28 27 in
436 4424 161 39 liquidation
613 4428 25 26 in

88 4464 47 29 the
156 4468 87 24 estate
267 4464 28 28 of
312 4464 108 29 Walter
451 4464 116 31 Guthrie
587 4466 53 28 and

88 4503 47 29 Co.
163 4504 53 28 and
243 4504 29 28 of
298 4504 47 28 the
377 4505 80 27 allied
484 4508 155 35 companies

85 4555 71 17 were
171 4544 148 28 continued
335 4544 93 28 before
442 4545 46 28 the
504 4545 135 38 Supreme
653 4544 2 39 !

86 4584 85 28 Court
187 4584 52 28 last
260 4585 85 32 week,
367 4585 78 26 when
474 4586 41 26 Mr
537 4584 43 28 W.
606 4586 23 27 R

86 4623 78 26 Cook
203 4632 55 17 was
297 4623 149 35 appointed
475 4623 164 35 provisional
655 4623 1 38 j

86 4661 157 36 liquidator.
308 4660 88 28 These
460 4662 181 38 proceedings

85 4697 81 32 affect
176 4711 35 18 no
224 4701 53 27 less
289 4700 66 28 than
365 4700 62 28 four
437 4701 29 28 of
477 4701 46 28 the
537 4702 104 34 largest

86 4740 156 28 businesses
256 4739 27 28 in
310 4739 190 33 Invercarerill,
528 4751 28 17 so
580 4741 60 28 that

86 4780 61 26 thai
163 4783 71 23 town
250 4789 114 27 appears
375 4783 28 24 to
417 4780 34 27 be
462 4780 177 37 particularly

86 4818 189 28 unfortunate.
316 4818 26 27 It
356 4818 22 27 is
391 4822 28 25 to
431 4819 33 27 be
475 4819 93 28 feared
583 4819 59 28 that
655 4818 1 35 j

86 4857 176 28 thetroubles
270 4857 28 28 of
309 4858 45 27 the
362 4857 114 29 Guthrie
486 4859 155 37 companies

86 4908 46 17 are
170 4901 47 23 not
251 4897 37 36 by
321 4907 54 27 any
399 4908 94 17 means
520 4898 47 28 the
589 4898 52 27 last

86 4943 97 31 legacy
206 4936 29 28 of
258 4937 46 27 the
326 4937 125 38 banking
470 4938 166 36 legislation,

84 4978 52 28 but
150 4976 44 29 for
208 4976 45 29 the
263 4976 66 29 sake
349 4976 29 29 of
392 4977 77 30 those
489 4978 150 29 interested

84 5018 54 26 and
154 5016 28 28 of
196 5016 179 38 Invercargill
390 5017 39 28 let
447 5028 31 17 us
502 5019 72 37 hope
594 5018 47 28 the

83 5056 163 39 liquidation
261 5056 54 28 will
331 5066 82 27 prove
428 5060 27 25 to
470 5058 34 27 be
528 5068 15 17 a
566 5058 72 28 form

84 5098 28 25 of
152 5096 216 28 reconstruction
402 5107 34 17 on
475 5108 16 16 a
517 5098 119 27 sounder

83 5135 83 26 basis.

119 5176 59 29 The
222 5174 90 38 Otago
487 5176 152 30 Christmas

84 5216 117 28 number
214 5215 83 33 again
305 5215 61 28 well
374 5216 119 28 sustains
508 5217 46 27 the
568 5217 68 31 high

82 5258 157 36 reputation
254 5256 29 25 of
293 5256 46 26 the
350 5259 169 34 proprietors
533 5256 43 28 for
591 5266 46 18 en-
651 5256 3 38 I

83 5295 125 39 terprise.
250 5294 57 28 The
322 5294 48 40 189
386 5294 16 40 C
418 5294 96 40 number
528 5296 21 28 is
564 5297 74 37 quite

81 5346 38 28 up
133 5342 28 22 to
182 5334 128 40 previous
331 5335 86 28 issues
436 5336 44 28 for
499 5336 35 27 all
550 5337 86 27 round

80 5375 164 36 excellence,
271 5374 55 30 end
354 5374 63 36 will,
450 5375 13 27 I
487 5376 90 35 think,
604 5376 34 30 be
651 5374 2 37 •

80 5416 89 30 found
200 5416 29 28 in
260 5415 47 28 the
339 5414 60 28 lead
432 5419 128 35 amongst
591 5417 46 28 the
652 5409 1 45 I

82 5457 154 30 Christmas
250 5454 184 38 publications
455 5455 120 38 brought
591 5463 45 21 out
651 5454 2 39 I

80 5498 29 27 in
123 5498 47 27 the
184 5495 99 38 colony
297 5494 55 28 this
366 5504 73 27 year.

118 5545 34 27 Iu
173 5542 107 37 closing
300 5551 45 27 my
366 5545 78 24 notes
459 5541 54 28 this
534 5543 76 28 wqA<.
624 5544 12 25 i
651 5541 2 38 .

78 5585 65 31 take
170 5583 47 30 the
247 5581 181 40 opportunity
458 5581 29 30 of
511 5581 127 40 .wishing

77 5637 71 28 your
160 5624 111 31 readers
285 5623 55 29 and
351 5623 46 28 the
407 5622 103 29 Mount
524 5623 68 28 Bexi
606 5632 32 19 kr
651 5622 2 43 i

77 5668 76 27 Mail
168 5665 66 28 staff'
250 5663 48 29 the
317 5662 208 38 compliaments
547 5662 29 29 of
591 5663 44 28 the
651 5662 2 40 j

76 5705 107 33 season,
649 5705 4 33 J

1631 85 201 43 MOUNT
1918 98 227 39 BEKGER
2233 94 153 41 MAIL.

3334 92 238 45 Thursday,
3597 91 217 42 December
3837 97 68 41 24,
3931 95 104 41 1396

3570 5580 53 22 Pii:il
3640 5582 10 20 il
3666 5582 40 22 and
3722 5583 110 25 Published
3852 5589 25 24 by
3900 5587 102 23 Wilijam
4019 5590 96 21 Panned

3620 5615 126 24 Matthews
3756 5618 32 20 for
3800 5619 34 20 the
3845 5621 131 28 propiietors,
3990 5623 78 21 Dunne
4079 5629 36 15 am

3619 5650 132 28 Matthews,
3774 5654 22 20 at
3818 5653 54 21 their
3890 5655 120 26 Registered
4028 5657 87 26 Printing

3618 5684 69 26 Office,
3707 5686 177 30 Scotland-street,
3904 5691 119 26 Roxburgh,
4043 5693 65 24 Otagf

3619 5719 50 21 New
3676 5720 229 27 Zealand-Thursday,
3914 5725 109 22 December
4030 5726 29 21 24,
4066 5726 49 21 ISt'J.

1310 2388 14 16 5
1357 2392 14 12 /J>
1391 2393 9 10 >
1438 2391 17 13 U
1462 2389 6 15 !

1126 3554 40 18 '-„•■.;-.

1284 3571 47 23 is&

1124 4342 88 45 m

1196 4502 1 17 .
1207 4502 22 17 ?r
1245 4502 1 17 ■

1219 5118 32 35 \*J
1283 5109 43 45 i)

1904 1661 171 22 DUiXSMZAD.
2096 1661 70 21 COLL
2174 1661 60 21 MID.
2256 1661 75 20 SAME

1972 1727 29 21 111
2012 1729 40 19 i;>.
2067 1728 60 20 LII'P
2146 1727 97 21 fiOJtSi
2257 1727 74 20 KM/.
2337 1726 65 21 MAX,

1978 1766 164 22 GEs'HAKDT,
2161 1766 122 21 lIAX-SEN.

1855 1918 228 29 KXMIIUnON
2115 1919 131 28 MODEL
2279 1919 123 28 I'IAXO.

1851 2049 119 28 '-TORY
1998 2051 21 28 &
2050 2051 158 28 CMUK'S
2239 2049 163 36 OKCINS,

1952 2102 68 28 KIM
2030 2103 93 28 HALL
2145 2101 162 32 ORGANS,

1853 2234 141 28 i-F.SSOX
2024 2234 20 29 &
2081 2234 176 29 HOOSi-V'S
2281 2234 120 29 BRASS

1985 2275 284 28 JXSIiiUMI-.XTS.

1855 2364 5 15 \
1877 2362 68 20 roi.iN
1967 2362 58 23 i)dv>
2049 2365 70 18 \ini'A
2126 2359 4 26 :
2138 2359 49 26 i.in<
2194 2359 4 26 ;
2213 2365 16 18 a
2245 2359 95 24 Im'ECla

1890 2406 10 24 \
1916 2406 72 27 iolin.
2008 2406 60 26 [);,\v
2083 2406 51 27 nnd
2155 2406 73 28 ('use.
2251 2406 2 28 .
2298 2409 41 25 ol';

1886 2445 181 35 Ace'H'ik'oiis,
2084 2445 68 29 from
2318 2446 22 36 7;

1915 2524 110 29 CitAS.
2051 2524 96 30 IJKCJG-
2173 2525 78 29 AND
2274 2526 55 29 CO.

1848 2573 76 26 Have
1947 2574 45 25 (lie
2018 2573 96 38 largosi
2144 2574 52 27 and
2221 2582 70 19 most
2307 2575 91 28 varied

1844 2611 78 30 stock
1937 2613 28 28 of
1982 2613 86 28 Music
2081 2614 23 25 in
2119 2613 46 28 the
2176 2614 112 34 Colony.
2330 2615 68 27 New

1942 2652 158 39 Shipments
2116 2652 187 40 Fortnightly.

2029 2704 70 29 New
2120 2705 96 29 Soxgs.

1882 2743 78 28 Morn
1996 2744 28 27 of
2064 2745 120 28 Sorrows
2189 2745 209 29 —Snowflakes

1845 2782 171 29 Fair—Gnte
2030 2783 28 28 of
2081 2784 151 28 Life—For
2251 2785 47 28 the
2323 2784 59 29 Chil-

1845 2822 90 28 dren's
2145 2823 75 29 Thou
2236 2824 33 29 be
2286 2825 74 28 Mine
2363 2842 34 2 —

1847 2861 135 31 Sunshine
2012 2863 98 30 Above
2113 2862 94 31 —She
2242 2863 100 38 Stoops
2369 2868 27 25 to

1846 2901 162 38 Conquer—
2008 2901 1 38 ■
2009 2903 46 29 f\o
2080 2903 39 27 for
2142 2913 33 16 tin
2198 2902 198 29 Answer—No

1846 2947 61 21 Aian
1922 2953 11 15 s
1952 2947 82 23 Land.

1975 2992 97 30 YIOT.IN
2094 3002 53 20 AND
2171 2994 93 28 PIAXO.

1881 3032 127 29 Andanfe
2031 3037 26 24 et
2083 3033 116 29 Scherzo
2224 3033 171 39 Capriccioso

1845 3072 6 26 f
1860 3072 95 32 David)
2040 3074 95 27 Baeh's
2181 3077 38 25 Ist
2261 3075 134 27 Concerto

1860 3126 15 14 ,i
1885 3122 53 19 lard
1948 3122 3 22 ;
2003 3122 5 18 i
2021 3124 60 18 nrec

2042 3155 42 36 —!
2092 3166 34 14 i-.-s
2138 3155 199 36 !']i-hoes(liCon)

2052 3194 31 28 do
2130 3195 90 28 Conce
2238 3202 8 20 t
2296 3194 43 31 (0\

2031 3468 24 26 ■J.
2068 3472 23 23 si
2124 3468 119 27 FJHjicnt
2272 3468 37 26 St;

2098 3519 47 20 cji.-i
2152 3520 21 17 if
2183 3520 53 18 aim
2262 3519 37 18 in;

1966 3550 51 23 .Mo.
2029 3549 47 28 im]
2099 3550 8 25 J
2116 3553 154 23 nstrument

1896 3596 46 27 AT
1974 3597 206 30 .MODUiATH
2206 3597 130 31 RAPES.

1855 3686 7 12 5
1896 3674 20 26 (J
1942 3675 19 25 i!
1991 3675 20 25 X
2089 3674 20 27 T
2126 3675 26 27 II
2168 3676 21 26 0
2207 3675 24 27 M
2253 3675 52 28 VS
2320 3675 64 28 ON

1994 3728 3 22 t
2019 3728 3 22 i
2047 3728 42 21 in
2099 3728 3 22 l
2110 3731 16 19 ?-
2141 3728 40 22 ;.!•;

2280 3775 57 19 AX!)

1835 3982 124 28 Norwich
1978 3982 40 26 iln
2025 3982 40 26 ion
2085 3982 147 28 Insurance
2248 3984 47 26 Co.

2163 4033 64 17 irme
2241 4031 139 20 Jiisurancf

1861 4103 128 27 ustralian
2018 4103 101 27 Mn::;:,i
2147 4102 145 28 Provident
2316 4102 41 30 fLi

1909 4151 153 22 Assurance
2091 4151 85 21 bociei
2187 4156 14 16 v

2025 4191 92 22 leelify
2150 4191 51 19 and
2232 4191 155 21 buarantee

1871 4305 41 28 All
1930 4305 123 28 busine-s
2067 4306 149 28 connected
2243 4307 63 27 with
2328 4307 38 36 Ap-

1832 4344 142 37 plications
1997 4345 42 26 fir
2063 4345 194 36 Assignments
2280 4356 30 17 or
2334 4345 34 27 Ex-

1831 4385 105 37 change
1952 4385 28 28 of
1998 4385 184 39 Agricultural
2204 4385 104 35 Leases,
2325 4387 40 38 Ap-

1831 4426 142 36 plications
1985 4427 85 26 under
2081 4426 130 27 Deferred
2227 4426 157 36 Payments,

1831 4465 104 28 Minim-
1955 4466 98 28 Leases
2066 4476 27 18 or
2107 4466 108 32 Claims,
2232 4465 153 36 Up-liftin«jf

1829 4506 27 27 of
1880 4506 95 28 Crown
2000 4506 108 32 Grants,
2124 4513 58 26 «c.,
2197 4504 112 37 quickly
2330 4504 53 28 and

1830 4546 113 35 (l;eaply
1961 4544 162 28 iransacicd.

1832 4622 84 29 Loans
1929 4623 175 38 Negotiated.
2130 4624 101 36 .Money
2244 4622 137 28 Invested.

1834 4713 34 48 F
1968 4716 32 35 J-
2081 4714 301 41 WILLIAMS,

1853 4784 37 19 HA
1896 4784 5 19 i
1909 4784 15 19 It
1930 4784 14 18 D
1950 4784 14 19 R
1971 4783 80 26 !■;SSl:it
2072 4784 59 21 AND
2151 4783 202 26 T')BACCOXEST,

2024 4822 162 29 Lawhknck.

1864 4892 140 30 LADIES
2007 4893 6 13 5
2046 4893 297 30 HAIRCOMBIXGS

1909 4945 108 29 MADE
2037 4946 91 29 INTO
2149 4944 144 31 PLAITS.

1826 5017 100 27 Orders
1937 5018 36 37 by
1983 5022 61 33 post
2054 5017 138 40 promptly
2198 5017 133 29 attended
2343 5021 36 26 to.

1875 5132 158 31 ICTORIA
2051 5133 143 34 LIVERY
2210 5133 167 30 STABLES

1912 5201 68 21 PEEL
1994 5201 109 25 STREET.
2120 5201 93 23 LA.WRJ

1831 5271 25 37 i.
1886 5268 120 50 Dwyer
2053 5280 5 31 :
2107 5281 5 30 :
2170 5268 204 50 Proprietor,

1858 5352 58 29 The
1930 5365 64 26 very
2009 5355 61 27 Lest
2086 5355 129 36 Stabling
2232 5353 144 38 provided,

1823 5393 63 28 with
1901 5403 12 18 a
1931 5393 99 29 Groom
2046 5396 99 28 alwavs
2160 5395 28 27 in
2201 5394 174 28 attendance.

1823 5485 24 26 A
1870 5483 160 29 Handsome
2056 5487 54 26 and
2138 5483 238 39 Well-oppoiutetl

1920 5544 153 36 Hearse
2098 5555 51 26 on
2179 5544 102 34 Hire.

1862 5631 156 28 First-class
2052 5634 93 36 Single
2179 5631 53 27 and
2268 5630 108 28 Double

1825 5669 123 39 Buggies
1957 5681 7 23 j
1985 5672 66 32 also,
2067 5670 176 30 Ladies'and
2265 5669 96 29 Gentle-

1823 5710 86 28 men's
1925 5710 101 27 Saddle
2040 5710 111 29 Horses.

2675 257 101 23 SSE

2469 320 41 62 /
2562 330 89 44 THAT
2673 330 90 43 YOUR
2787 329 108 43 BOOTS

2479 405 59 41 ARE
2563 402 151 42 BRANDED
2735 402 43 40 ON
2801 402 65 41 THE
2890 402 89 42 HEEL

1952 1002 117 28 FIRST.
2181 997 4 51 |
2280 997 158 34 SECOND,
2651 998 131 28 THIRD.
2987 999 167 27 FOURTH.
3359 997 124 29 FIFTH.

1855 1040 116 30 BOOK'S
2005 1042 64 30 with
2109 1040 56 29 this
2206 1039 42 30 On
2262 1040 55 28 tins
2342 1037 92 30 Brand
2455 1037 64 37 only
2559 1037 73 36 Only
2653 1037 47 29 the
2723 1048 67 26 very
2815 1039 61 27 best
2916 1038 135 35 Farmers,
3110 1039 114 34 Miners,
3265 1037 58 29 The
3332 1037 139 29 Standard
3478 1035 94 30 Brand

1855 1080 88 28 Brand
1954 1091 33 18 on
1998 1082 46 27 the
2053 1080 59 28 heel
2121 1091 45 16 are
2206 1080 47 28 the
2286 1089 66 27 very
2390 1079 63 27 best
2492 1076 29 29 of
2560 1075 29 30 of
2600 1076 143 29 Materials
2754 1087 45 18 are
2808 1077 68 28 used
2916 1077 53 28 and
2983 1077 36 28 all
3033 1077 62 29 who
3108 1080 75 25 want
3196 1081 29 24 to
3267 1078 83 27 Boots
3365 1077 54 28 and
3431 1077 87 28 Shoes
3528 1086 45 17 are

1862 1131 42 17 nia
1908 1131 46 17 ran
1959 1121 59 29 toed
2027 1128 26 21 to
2066 1121 39 27 Fit
2112 1120 54 28 and
2185 1111 3 44 !
2209 1119 152 30 Workmen
2392 1128 45 18 are
2465 1127 56 19 em-
2560 1117 27 28 in
2625 1117 54 28 this
2723 1117 92 29 Brand
2850 1117 27 28 of
2916 1117 70 38 keep
3008 1118 72 28 their
3094 1117 55 29 feet
3165 1117 60 38 dry,
3264 1117 103 28 known
3386 1117 72 28 from
3479 1115 94 29 Auck-

1929 1161 80 29 WY'iir
2024 1162 68 29 well.
2310 1159 109 32 nloyed.
2588 1158 85 29 Boots
2685 1159 57 27 and
2757 1158 96 28 Shoes.
2951 1162 45 29 try
3010 1159 55 27 this
3085 1158 103 28 Brand.
3267 1158 65 27 land
3345 1161 28 24 to
3387 1158 47 27 the
3448 1157 78 28 Bluff
3533 1157 42 28 for

2392 1128 45 18 are
2465 1127 56 19 em-
2538 1110 49 42 |in
2625 1117 54 28 this
2723 1117 92 28 Brand
2850 1117 27 28 of
2895 1110 2 45 |
2916 1117 70 38 keep
3008 1118 72 28 their
3094 1117 55 29 feet
3164 1117 61 38 dry,
3244 1110 4 45 |
3264 1117 102 28 known
3386 1117 72 28 from
3479 1115 94 30 Auck-

2589 1159 84 28 Boots
2685 1159 57 27 and
2757 1158 69 28 Shoe

2950 1163 46 23 •trv
3010 1159 54 27 this
3086 1158 92 28 Brand

3267 1159 63 26 land
3345 1162 28 23 to
3387 1159 47 26 the
3450 1157 76 28 Bluff
3533 1157 42 28 for

2126 1239 167 30 BFARInT;
2629 1236 50 27 OX
2711 1234 202 30 'IHEHEHL
2946 1234 76 28 ARE
3049 1233 326 30 MANUFACTURED
3396 1233 41 29 IN
3460 1234 77 29 THE

2168 1275 252 33 CELEBRATED
2443 1274 271 30 "STANDARD'''
2739 1274 132 29 BRAND
2893 1273 93 30 800L
2986 1275 5 11 1
3013 1273 178 30 FACTORY
3213 1273 49 28 BY

2131 1340 375 66 RARGOOD,
2553 1340 132 54 SON
2726 1340 45 53 &
2813 1338 221 57 EWE>
3035 1340 10 26 T
3048 1383 13 19 ,

3116 1365 190 29 DUNEDINT.

2105 1413 77 20 ONLY

1852 1472 551 59 Chas.Begg&Cd.
2505 1465 326 57 BICYCLE
2841 1464 30 39 52
2879 1510 11 10 .

3128 1463 389 56 BICYCLES.

1891 1557 97 31 TOOK
2019 1557 4 31 :

1928 1599 52 26 and
1996 1600 28 25 (!<

2752 1565 79 29 THE
2872 1564 144 28 LATEST
3057 1564 80 26 AXD
3178 1562 103 33 BEST,

2459 1644 222 42 jNTENDING
2707 1645 165 29 Purchasers
2894 1644 100 28 should
3016 1653 44 19 see
3084 1653 49 17 our
3156 1642 85 28 Stock
3266 1642 94 28 before
3376 1642 128 39 ordering
3518 1653 60 17 new

2456 1682 15 17 *
2519 1688 111 25 mounts
2643 1685 44 28 for
2700 1684 46 30 the
2761 1684 111 38 coming
2886 1694 105 23 season,
3036 1682 50 30 We
3100 1692 45 18 are
3161 1681 64 31 Sole
3241 1682 108 37 Agents
3372 1683 29 27 in
3424 1682 67 32 Xc\y
3513 1682 50 29 Zea-

2446 1724 64 30 land
2525 1725 43 28 for
2582 1725 47 28 the
2643 1724 152 37 following,
2810 1725 52 27 viz.
2876 1724 4 37 :

2560 1764 134 28 Sterling
2710 1765 87 28 Cycle
2810 1764 61 34 Co.,
2887 1764 121 35 Chicago
3064 1765 17 25 ~i

2557 1804 71 28 New
2643 1804 100 29 Haven
2760 1804 57 35 Co.,
2834 1803 181 29 Connecticut
3074 1814 14 12 >
3136 1802 108 30 Twelve
3259 1802 125 30 .Months'
3397 1802 164 30 Guarantee.

2558 1845 99 30 Rud.ge
2671 1845 107 29 Wedge
2794 1844 58 36 Co.,
2866 1844 130 38 England
3066 1847 15 32 J

2521 1885 160 36 Roadsters,
2710 1886 103 35 weight
2845 1885 71 28 from
2945 1883 65 31 231b
3038 1887 28 27 to
3094 1884 64 30 261b
3170 1896 7 23 }
3212 1883 111 36 Racers,
3354 1884 80 35 191b;
3455 1884 54 28 and
3539 1883 40 30 for

2446 1925 145 37 Strength,
2591 1925 82 37 Style
2688 1925 54 27 and
2754 1926 96 26 Finish
2865 1924 77 28 excel
2957 1924 138 38 anything
3108 1929 47 32 yet
3168 1924 165 28 introduced
3349 1928 27 24 to
3392 1925 54 27 this
3461 1927 118 34 country

2446 1976 30 18 or
2490 1976 53 27 any
2565 1965 88 29 other.
2696 1964 58 31 Call
2777 1968 27 25 at
2825 1975 50 18 our
2900 1963 165 30 Warehouse
3088 1964 54 28 and
3164 1964 106 38 inspect
3290 1964 75 29 them
3392 1975 30 18 or
3445 1964 67 29 send
3539 1963 40 31 for

2445 2006 154 39 catalogue.
2640 2005 72 39 Only
2726 2006 48 28 the
2787 2004 112 40 highest
2914 2006 86 37 grade
3015 2006 138 28 machines
3168 2006 68 37 kept
3250 2005 26 29 in
3292 2006 88 28 stock.

2535 2059 308 60 Morrow,
2914 2059 263 48 Bassett

3361 2058 128 63 Co.,

2698 2134 181 30 DUNkDIN
2918 2143 55 21 and
3013 2133 313 36 CHRISTCHURCH,

2493 2175 152 38 Importers
2660 2175 28 28 of
2702 2175 33 27 all
2750 2175 83 28 kinds
2848 2174 29 30 of
2891 2175 188 38 Agricultural
3095 2175 179 37 Implements
3289 2175 53 28 and
3360 2175 167 38 Machinery.

2621 2255 63 29 Solo
2697 2258 109 35 Agents
2821 2256 43 28 for
2878 2258 57 26 JVTI
2945 2255 105 29 orrnick
3067 2255 118 39 Reapers
3199 2256 53 28 and
3271 2256 123 28 Binders.

2462 2296 57 29 The
2542 2296 154 29 Southland
2717 2296 136 29 Farmers'
2871 2296 168 38 Implement
3060 2296 151 37 Company,
3228 2296 187 38 Jnvercargill,
3431 2295 58 36 &c,
3505 2296 48 29 Sec.

2562 2336 56 28 The
2635 2335 122 29 Colonial
2774 2335 152 30 Combined
2941 2336 84 28 Drills
3039 2346 46 18 are
3100 2336 45 28 the
3161 2336 59 28 best
3234 2336 28 28 in
3276 2336 47 28 the
3337 2336 115 28 market.

2750 2387 166 31 Guarantee
2936 2397 72 18 with
3033 2389 74 27 Pack
3127 2387 141 29 Machine.

2490 2483 389 57 COSSENS
2947 2483 174 56 AND
3189 2483 332 66 BLACK,

2564 2571 234 36 ENGINEERS,
2819 2571 286 35 BLACKSMITHS,
3127 2572 278 29 MILLWRIGHTS
3428 2571 24 30 &

2850 2611 314 37 IRONFOUNDERS,

2717 2662 362 22 CRAWFORD-STREET.
3120 2664 72 20 DUX
3201 2664 57 20 EDI
3267 2664 19 20 X
3290 2662 3 22 .

2756 2730 382 29 —MANUFACTURERS
3173 2731 85 27 OF

2438 2771 141 38 Pumping
2593 2770 54 28 and
2669 2769 137 38 Winding
2827 2770 169 38 Machinery,
3022 2770 231 29 HYDRAULIC
3275 2771 147 28 MINING
3444 2771 125 29 PLANT

2509 2811 155 37 (including
2680 2810 152 36 Hydraulic
2848 2810 119 35 Giants),
2983 2810 90 27 Sluice
3088 2810 110 34 Valves,
3212 2810 129 28 Elevator
3359 2810 139 38 Castings,

2745 2848 65 30 Iron
2825 2849 54 27 and
2895 2848 75 28 Steel
2984 2849 140 37 Flaming,
3138 2849 59 34 &c,
3212 2849 49 28 &c.

2548 2898 156 30 DREDGE
2731 2897 217 37 TUMBLERS,
2970 2898 184 37 BUCKETS,
3176 2899 129 36 LINKS,
3326 2898 60 37 &c,
3408 2898 47 32 &c.

2436 2940 209 34 Waterwheels,
2657 2938 146 35 Turbines,
2818 2938 83 29 Brick
2916 2940 54 27 and
2985 2940 85 27 Drain
3086 2939 67 38 Pipe
3169 2940 117 38 Making
3298 2940 55 28 and
3363 2940 92 28 Wood
3467 2940 80 30 Work-

2519 2980 49 38 ing
2584 2980 170 37 Machinery.
2797 2978 89 30 Horse
2902 2980 118 35 Powers,
3037 2979 193 36 Chaffcutters,
3245 2980 104 38 Turnip
3369 2980 124 38 Pulpers,

2688 3020 54 28 and
2757 3019 35 28 all
2806 3018 82 30 kinds
2903 3020 28 28 of
2944 3019 161 33 Machinery
3119 3020 54 28 and
3188 3020 128 32 Gearing.

2554 3101 19 22 A
2600 3099 78 22 VERY

2757 3100 46 21 IGE
2830 3100 88 21 STOCK
2945 3100 36 21 OF
3008 3100 143 21 PATTERNS
3178 3100 35 21 TO
3239 3100 102 21 SELECT
3368 3099 86 22 FROM.

2436 3168 216 29 ESTIMATES
2675 3168 121 28 GIVEN

2978 3167 357 30 CORRESPONDENCE
3358 3168 211 29 SOLICITED.

2455 3251 115 39 Repairs
2585 3249 53 30 and
2655 3261 80 27 every
2751 3249 166 40 description
2934 3249 29 29 of
2977 3249 189 40 Engineering
3180 3250 54 28 and
3253 3249 170 30 Blacksmith
3436 3261 12 18 s
3464 3249 71 31 Wor

2844 3290 143 39 Promptly
3010 3290 150 29 Executed.

2637 3391 103 35 GROWN
2772 3393 36 33 ON
2840 3393 62 33 THE
2935 3393 87 33 HILLS
3052 3394 35 33 OF
3117 3394 103 34 SUNNY
3250 3395 124 34 CEYLON.

3369 3523 2 14 -
3379 3523 12 14 S

3499 3541 28 35 H

3238 3550 52 16 <->->

3111 3667 29 13 ?>'-'■

3115 3718 25 14 *a

3086 3777 28 41 D

2882 3817 25 24 £

3077 3818 54 20 &*&

2919 3838 27 39 R

2479 3939 31 41 K
2547 3936 63 35 THE
2627 3936 87 35 MOST
2727 3937 160 35 DELICIOUS
2903 3938 20 35 &
2940 3938 197 35 ECONOMICAL
3153 3939 60 34 TEA
3231 3940 26 34 IN
3273 3940 63 34 THE
3351 3940 111 34 WORLD.
3480 3934 1 50 !
3497 3944 31 40 K

2467 4180 35 29 D.
2521 4180 197 35 CORMACK,
2740 4180 174 36 Roxburgh;
2935 4179 125 30 JOHNS
3081 4180 23 28 &
3127 4179 182 37 M'COMBE,
3331 4182 104 27 Millers
3457 4181 71 29 Flat.

2665 4262 296 29 DISPENSARY

2414 4414 131 21 CHEMIST.
2561 4414 68 20 BOO*

2477 4445 81 23 NEWS
2573 4447 56 21 AGE

2753 4353 118 42 ERY,

2794 4445 61 24 SEll,
2872 4444 28 20 kc

2415 4530 130 29 FANCY
2574 4530 124 29 GOODS
2732 4530 54 27 and
2820 4527 149 30 PATENT

2475 4575 216 31 MEDICINES
2712 4577 28 27 of
2763 4576 34 27 all
2820 4575 92 29 kinds.

2595 4669 98 21 AGENT
2712 4669 80 21 FOll-

2417 4709 124 27 Dresden
2555 4709 85 27 Piano
2656 4708 47 28 Co.

2415 4748 88 29 North
2512 4748 173 36 Queensland
2695 4748 62 28 Fire
2764 4748 150 27 Insurance
2922 4746 47 29 Co.

2415 4787 108 37 Raglan
2537 4788 134 35 Bicycles.

2416 4858 216 51 HUGH
2708 4857 258 40 BRUCE,

2505 4926 202 29 BOARDING
2737 4924 139 34 HOUSE,

2442 4976 319 30 Whitehaven-street,
2785 4975 152 28 Lawrence

2476 5021 144 38 (Opposite
2636 5022 116 37 English
2769 5020 128 35 Church.)

2422 5110 80 19 FIItST
2521 5110 84 20 CLASS
2629 5106 246 24 ACCOMMODATION
2897 5106 55 19 FOIL

2496 5136 58 21 THE
2569 5136 183 23 TRAVELLING
2768 5133 111 24 PUBLIC.

2455 5219 78 28 Good
2557 5218 131 37 Stabling-
2713 5217 53 28 and
2787 5214 128 29 Paddock

2557 5256 254 32 Accommodation.

2491 5344 167 29 —Charges
2679 5344 159 28 Moderate.
2843 5357 34 3 —

2441 5409 14 25 >
2486 5409 19 22 0
2531 5408 21 23 B
2580 5409 19 22 K
2627 5409 22 22 It
2677 5408 18 22 T
2763 5403 31 25 hV
2825 5402 20 25 K
2880 5407 16 17 A
2929 5400 20 24 Y

2441 5438 19 26 i

2450 5472 123 24 General
2600 5471 105 24 Prapib
2723 5476 48 17 and
2785 5468 7 23 (
2804 5471 108 19 lothies

2527 5513 62 24 Ross
2610 5513 70 23 Place
2703 5511 130 23 Laurence.

2466 5579 59 23 New
2544 5577 47 25 and
2610 5572 156 28 Fashionab!«
2791 5571 104 29 Drapery

2436 5611 77 31 Large
2525 5611 64 24 stock
2606 5606 78 30 Mart's
2697 5606 45 23 and
2829 5602 87 25 Clothi'
2926 5612 12 20 &

2466 5644 86 22 Ladies
2567 5641 47 25 atd
2627 5639 124 24 Lbildrens
2763 5636 130 30 requiiitee.

2434 5685 75 26 Visits
2539 5682 131 27 Rcxbur-h
2714 5679 45 24 an.'l
2796 5677 159 31 surrouudiog

2404 5720 103 23 districts
2521 5717 106 28 monthly

3043 4337 268 35 MORNINGTON,
3336 4337 105 28 DUNE
3446 4337 75 28 DIN.

3142 4417 55 20 FOR
3224 4417 197 25 KHKUMATrsjr,

3003 4457 12 23 'i
3029 4454 256 28 OWXcIIEND'S
3326 4455 23 27 R
3356 4454 108 28 HEUM
3473 4453 85 28 ATJC

3187 4492 192 28 LINIMENT

3002 4543 18 26 is
3036 4553 11 16 a
3063 4552 57 17 cure
3134 4543 36 26 for
3184 4542 81 28 which
3280 4542 29 27 he
3330 4542 42 27 has
3393 4546 41 23 the
3456 4541 101 36 highest

3060 4580 173 33 testimonials,
3248 4580 46 27 and
3311 4581 77 25 which
3405 4581 43 25 has
3463 4586 42 21 not

3182 4617 59 27 been
3256 4617 115 26 excelled.

3066 4699 76 27 THE
3163 4697 183 29 PARAGON
3368 4697 122 28 SALVE

3001 4750 19 25 is
3034 4758 54 17 now
3104 4758 12 17 a
3137 4748 158 25 well-known
3316 4745 105 35 specific,
3442 4746 48 26 and
3509 4746 42 25 has

3069 4784 89 34 prove.l
3173 4793 29 17 an
3225 4782 109 27 absolute
3354 4789 73 20 cure
3448 4781 35 26 for

3003 4821 93 30 Ulcers,
3120 4821 88 26 Burns,
3230 4819 91 31 Scalds,
3343 4820 68 32 Open
3427 4817 122 33 Wounds,

3058 4856 120 27 Poisoned
3194 4856 71 26 Flesh
3281 4855 47 25 and
3343 4854 31 26 all
3389 4854 72 26 kinds
3474 4854 27 26 of

3238 4893 76 24 Sores.

3125 4982 291 30 TESTIMONIALS.

3020 5037 16 20 A
3057 5034 96 22 Resident
3175 5033 21 21 of
3215 5035 30 19 .St.
3267 5032 89 22 Bathans

2995 5062 110 27 purchased
3117 5069 11 13 a
3139 5061 37 20 box
3191 5060 21 20 of
3221 5066 51 19 your
3282 5061 113 24 Ointment,
3407 5059 38 21 and
3456 5060 16 19 it
3482 5060 60 20 cured

2994 5096 25 13 an
3029 5096 50 17 open
3090 5094 42 14 sore
3139 5088 52 18 from
3200 5087 62 19 which
3270 5093 34 15 my
3310 5086 67 19 father
3385 5092 38 13 was
3431 5087 97 22 suffering
3537 5086 4 27 ;

2993 5116 19 20 in
3023 5115 47 26 fact,
3083 5115 16 19 it
3113 5120 38 12 was
3166 5113 34 19 the
3213 5112 44 20 best
3268 5112 106 20 Ointment
3392 5118 28 13 we
3429 5112 52 19 have
3495 5118 46 14 ever

2993 5142 46 22 had.
3069 5142 18 20 If
3096 5146 39 22 you
3152 5139 51 22 have
3217 5146 38 20 any
3272 5146 55 14 more
3342 5139 107 21 Ointment
3464 5139 40 22 like
3516 5140 23 27 it,

2991 5171 65 26 please
3066 5169 48 21 tend

3016 5207 90 23 Writing
3116 5205 52 19 from
3184 5204 33 20 the
3234 5204 69 20 North
3314 5204 48 20 East
3373 5205 81 25 Valley,
3464 5212 12 12 a
3485 5205 56 26 Lady

2989 5240 45 19 says
3099 5231 61 25 Bring
3170 5238 31 13 me
3212 5237 10 13 a
3233 5230 74 27 supply
3317 5231 21 19 of
3346 5238 50 17 your
3405 5231 136 22 Ointnienton

2992 5266 51 21 your
3062 5260 48 20 next
3127 5259 52 25 visit,
3198 5265 21 13 as
3236 5264 28 14 we
3280 5257 91 21 consider
3386 5259 15 20 it
3413 5258 129 24 invaluable.*

3013 5299 87 21 Tnornas
3124 5296 91 26 Mcffatt,
3241 5296 21 21 of
3293 5296 90 28 Mosgiel,

2990 5326 51 20 have
3053 5324 47 20 used
3113 5331 50 18 your
3174 5323 123 21 Rheumatic
3307 5324 104 20 Liniment
3423 5326 65 25 twice,
3504 5325 38 21 and

2989 5353 52 19 have
3052 5351 81 25 already
3146 5350 89 21 received
3248 5350 33 21 the
3297 5355 90 21 greatest
3401 5351 75 22 benefit
3490 5353 51 20 from

2987 5380 23 20 it.
3038 5378 54 21 Send
3103 5384 53 15 more

3024 5450 96 25 Dozens
3144 5448 26 26 of
3192 5449 70 26 ether
3283 5449 174 28 Testimonials
3480 5452 60 26 have
3554 5448 2 30 !

2987 5487 50 25 also
3052 5487 57 24 been
3125 5487 109 24 received
3258 5485 29 37 by
3313 5487 40 26 the
3374 5488 165 34 undersigned
3553 5485 3 37 j

2987 5524 66 26 unite
3067 5523 153 25 unsolicited.

3105 5609 65 27 Send
3183 5619 64 26 your
3260 5609 91 28 Orders
3364 5614 61 23 to—

3042 5665 30 30 C.
3128 5664 184 30 TOWNS
3328 5665 27 28 II
3370 5665 22 30 E
3407 5667 25 27 N
3448 5667 33 35 I),

3083 5715 200 20 HOBX7N'OTOX.
3299 5716 141 19 DUNEDIY.

3638 632 149 38 Mount
3819 630 156 43 Benger
3998 630 103 42 Mail

3755 926 245 32 NEWSPAPER.

3605 1221 147 33 Published
3775 1232 81 24 every
3883 1223 98 33 Friday
4010 1225 44 30 Mo

3758 1897 149 32 Circulates
3921 1903 25 27 in
3962 1905 38 26 tlu

3608 2009 164 39 Roxburgh,

3791 2126 64 29 Coal
3875 2127 95 36 Creek,

3963 2243 105 35 Millers
4082 2248 50 35 ¥k

3773 2466 93 29 Island
3891 2467 93 32 Block.

3800 2804 144 28 Lawrence

3816 3050 132 40 Tapanui,

3926 3168 68 30 Bald
4010 3171 56 31 Hill
4083 3171 35 30 Fh

3686 3282 54 28 and
3756 3283 157 31 Alexandra
3928 3286 134 29 Districts.

3736 3851 84 28 Plain
3843 3859 54 19 and
3916 3850 84 28 Fano

3669 4029 92 28 JOB
3822 4028 245 28 PRINTING

3622 4614 112 37 Receipt
3747 4612 54 28 and
3816 4611 126 38 Delivery
3957 4612 84 28 Book>

3620 4725 146 29 Invitation
3781 4725 54 28 and
3850 4725 129 29 Business
3995 4725 132 33 Circulars

3620 4950 186 38 Prospectuses
3820 4951 54 29 and
3890 4951 186 40 Programmes

3610 5058 131 29 Business
3756 5059 54 28 and
3824 5059 160 30 Admission
3999 5063 79 29 Card:

3729 5183 58 32 &c,
3827 5181 58 34 &c,
3926 5183 48 31 &c.
