3300 4360
225 104 430 188 Hot
798 104 716 188 Lakes
1657 104 1432 188 Chronicle.

485 515 452 87 Circulating
959 514 454 85 throughout
1435 514 128 69 the
1587 514 289 72 Tourist
1921 517 303 75 Resorts
2272 527 79 66 of
2385 527 127 69 the
2555 529 267 73 World.

473 402 216 38 JL3STID
741 402 482 42 TOTTIRJSTS
1230 402 15 17 3

1285 665 140 23 ROTORUA,
1440 666 59 22 N.Z.,
1515 665 159 22 SATURDAY,
1691 665 136 21 JANUARY
1841 669 31 20 16,
1889 670 45 17 1897

2868 686 294 26 PJHCE-THREEPENCE.

105 669 59 20 VOL.
179 670 20 17 4,
229 669 15 18 ]S
245 669 4 20 T
252 675 18 12 o.
286 670 36 17 215

172 807 49 26 Do
233 808 57 24 not
302 806 119 29 Forget

135 919 165 19 CURIOSITY
315 917 80 19 SHOP
408 917 46 19 and
491 916 19 22 i|i

225 945 140 23 MUSEUM,
491 938 9 26 $
507 938 4 33 I

155 986 112 23 Opposite
275 985 78 19 Grand
360 984 77 23 Hotel,
491 977 10 38 |

124 1030 118 26 ?RINCEB
252 1030 45 28 ST,
306 1027 171 29 AUGKLRND.
490 1004 11 50 I

166 1150 141 18 INSUR6
332 1150 94 15 inilTH

80 1187 51 16 THE
136 1185 81 17 SOUTH
223 1183 99 18 iJEITTSH
329 1183 58 16 FIRE
392 1183 14 16 &
414 1182 100 17 MARINE

155 1208 42 15 Coy.
207 1206 30 16 OE
246 1206 57 16 NEW
310 1204 122 17 ZEALAND.

79 1237 76 16 Capital
409 1234 104 19 £1,900,000

123 1266 96 17 Unlimited
233 1265 74 19 liability
315 1264 19 15 of
340 1263 129 17 Shareholders.

79 1288 57 20 Being
145 1293 8 10 :i
164 1287 76 16 Coloninl
253 1286 102 16 Institution
368 1284 64 17 Profits
445 1290 28 10 are
485 1284 18 16 in-

230 1307 58 16 vested
294 1307 68 21 locally.

79 1330 51 16 Head
146 1330 53 15 Ofliee
422 1327 91 16 Auckland

79 1352 52 16 Local
140 1352 53 18 agent
370 1349 11 15 J
399 1349 28 17 W.
435 1348 79 21 Wrigley

80 1420 166 42 EOTORUA
267 1417 92 42 BOOT
380 1417 24 41 &
423 1416 91 42 SHOE

233 1483 126 41 DEPOT.

80 1875 19 20 A
119 1874 67 26 Largo
206 1874 60 20 Stock
286 1874 21 19 of
324 1874 94 22 German,
435 1870 79 21 French

149 1901 40 20 and
200 1901 91 20 Colonial
301 1900 62 19 Boots
373 1899 76 24 always

244 1928 21 18 in
283 1926 66 19 Stock.

84 1965 69 20 BEST
161 1965 78 19 MATE
244 1964 70 19 RIAL.
351 1963 34 19 BE
389 1962 31 20 ST
430 1961 85 21 WORK

81 2085 165 22 Hand-sewn
256 2083 78 23 Boots
344 2089 15 16 a
374 2081 139 30 Specialty.

188 2205 219 33 HAMAKU

79 2244 74 41 SAW
169 2244 26 41 &
221 2243 153 42 PLANING
395 2241 117 41 MILLS,

82 2314 270 24 7VTOUIMTMIN
376 2313 138 24 Rl7^\J,

240 2349 41 14 TOE
294 2349 53 13 ONLY

81 2375 135 20 GENUINE
230 2373 59 21 DRY
306 2373 79 20 LAND
403 2372 112 19 TIMBER

185 2405 30 18 IN
227 2405 53 17 THE
293 2403 114 19 MARKET.

80 2451 129 27 T\/TESSES
228 2450 99 19 KUSABS
345 2449 71 19 BROS,
430 2450 38 21 bog
484 2454 20 12 re-

157 2474 103 24 spectfully
263 2475 21 17 to
292 2474 70 18 inform
369 2473 34 17 the
415 2473 67 17 Public
495 2472 20 18 of

127 2504 32 10 rua
167 2499 34 15 itud
211 2497 73 21 vicinity
293 2497 39 16 Unit
340 2499 40 18 ttiey
396 2497 44 14 have
455 2497 49 14 estab-

79 2520 57 16 lished
144 2526 9 9 a
164 2520 42 20 yard
215 2520 17 14 in
246 2518 125 19 Hinemoa-st.,
381 2519 33 13 and
431 2523 30 9 can
476 2521 38 11 now

80 2542 63 20 supply
152 2540 29 16 the
188 2540 53 16 finest
248 2540 44 16 class
306 2540 17 15 of
339 2538 82 18 Budding
434 2537 80 17 Material

80 2563 18 15 in
106 2563 30 16 the
145 2561 74 17 Market.
236 2562 18 15 It.
262 2561 13 15 is
283 2560 101 21 unequalled
393 2561 17 14 in
420 2560 95 19 durability

80 2584 35 16 and
123 2584 105 21 impervious
237 2585 18 13 to
265 2584 28 15 the
301 2583 67 15 attacks
384 2581 18 16 of
416 2581 49 16 borer
480 2580 34 16 anil

79 2606 33 19 dry
124 2607 31 14 rot.
179 2604 53 16 Their
241 2603 82 16 sawmills
332 2608 27 11 are
368 2602 49 17 fined
428 2601 42 16 with
486 2601 29 16 the

79 2629 46 13 most
133 2626 70 16 modern
213 2625 98 21 appliances
321 2624 32 16 and
364 2624 28 16 the
402 2624 36 16 firm
452 2624 14 14 U
477 2623 38 15 able

79 2651 19 12 to
113 2648 63 20 supply
193 2652 33 15 any
244 2647 80 20 quantity
341 2645 18 16 of
374 2645 37 21 Dry
431 2645 84 19 Building

79 2668 82 17 Material
170 2673 21 11 on
201 2668 29 16 the
239 2669 74 15 shortest
322 2667 60 16 notice.

82 2720 141 28 Skirtings,
231 2718 178 27 Architraves,
415 2717 83 23 Mould-

116 2756 68 28 ings,
197 2754 52 23 and
259 2753 111 24 Dressed
380 2753 102 22 Timber

146 2794 28 23 of
183 2800 82 22 every
279 2792 167 29 description,

174 2836 110 30 Always
295 2843 32 15 on
337 2835 84 22 Hand.

107 2871 120 24 HENATJ
239 2870 106 23 HOUSE
357 2869 130 23 BLOCKS.

82 2952 226 35 KUSABS
343 2951 150 32 BB.OS

156 3002 118 19 MAMAKU
287 3007 26 13 on
326 3001 113 18 OIIAUrO.

104 3076 126 19 HTNEMOA
243 3075 101 19 STREET,
364 3073 128 19 EOTORUA.

82 3201 373 35 CAB.PEHTE
473 3200 41 36 B,

186 3251 105 19 FENTON
308 3250 102 21 STREET,

176 3302 99 19 Opposite

106 3338 67 16 RnsTIPK
181 3337 55 18 mnde
246 3337 19 18 to

107 3381 109 47 Q.--0.

303 3382 14 17 O
340 3383 15 20 ,4
383 3381 109 21 ULEY,

84 3461 122 24 Plumber
224 3460 21 22 &
256 3459 111 23 General
379 3458 138 23 Mechanic

176 3518 130 20 TuTA.NE.KAI

133 3632 135 43 HORACE
290 3629 178 42 STEWART,

84 3700 108 18 SADDLE,
206 3697 125 20 HARNESS,
346 3697 53 18 AND
416 3696 101 19 COLLAR

253 3729 99 21 MAKER,

127 3770 180 22 FBNTON-ST.,
322 3769 153 19 ROTORUA.

84 3835 103 21 Saddles,
205 3833 94 23 Bridles,
315 3833 94 21 Collars,
424 3831 91 23 Chains,

106 3867 56 22 Bits,
171 3866 79 23 Spurs,
259 3864 103 20 Harness
376 3864 68 23 Soap,
453 3863 40 19 &c.

106 3930 119 20 Coachaliiie,
236 3936 11 11 c
263 3929 113 23 waterproof
392 3928 125 23 preservative

84 3956 29 17 for
121 3955 26 17 all
155 3953 56 20 lands
220 3953 20 17 of
252 3952 77 18 leather.

106 3986 86 19 Axlciuc,
211 3990 10 12 a
235 3984 72 23 perfect
323 3983 95 19 lubricant
432 3983 30 17 for
477 3988 30 12 car-

84 4010 66 22 riages,
160 4013 99 18 waggons,
270 4008 31 16 &e.

106 4040 73 19 Collars
188 4039 54 18 marie
256 4039 21 17 to
289 4043 84 12 measure
387 4043 25 11 on
428 4037 32 17 the
474 4042 33 17 pre-

84 4064 55 18 mises
147 4070 12 10 a
167 4062 104 23 speciality.
309 4058 123 25 Lengthened
444 4060 63 22 experi-

84 4093 43 13 ence
136 4087 19 17 in
164 4086 26 18 all
199 4086 68 18 classes
276 4084 20 17 of
301 4083 94 18 Saddler's
404 4083 58 18 work.
486 4082 32 18 All

84 4110 64 19 orders
157 4108 98 24 promptly
265 4106 89 19 attended
366 4107 26 16 to.

89 4160 75 23 Agent
173 4159 36 18 for
218 4158 28 19 H.
257 4157 27 19 H.
296 4155 111 22 Howden,
422 4155 80 18 Watch-

106 4183 82 18 maker
193 4181 47 19 and
246 4179 113 22 Jeweller,
366 4178 128 20 Hamilton.

827 894 279 50 ROTORUJI
1153 894 126 46 NEW
1315 893 275 47 ZEJJLJJ.ND.
1801 894 25 37 r

1801 953 6 16 3
1818 955 8 12 fi

537 986 36 42 I)
581 985 108 18 OTORUA.
692 985 67 18 —This
768 986 106 17 wonderful
881 985 73 17 district
961 985 16 17 is
985 984 130 23 unparalleled
1123 985 20 16 in
1151 985 33 16 tlio
1191 984 70 18 known
1271 983 58 17 world
1339 984 28 16 for
1376 984 33 16 the
1417 985 81 17 number
1506 984 37 17 and
1552 984 73 22 variety
1635 985 19 16 of
1662 985 25 16 its
1696 985 87 17 Thermal
1793 986 15 16 F

563 1009 16 19 \.i
604 1009 26 17 As
638 1014 11 11 a
657 1008 66 18 health
731 1011 60 15 resort
799 1009 25 17 its
832 1009 109 23 popularity
949 1009 16 16 is
973 1007 74 24 rapidly
1056 1007 111 23 increasing,
1178 1007 38 18 and
1229 1008 42 16 that
1285 1007 80 22 entirely
1383 1013 24 11 on
1420 1007 24 18 its
1463 1013 42 12 own
1522 1007 70 21 merits,
1611 1013 19 11 as
1647 1007 83 18 hitherto
1747 1006 61 20 riothis
1818 1018 8 13 ,;

536 1033 46 16 been
591 1032 48 17 done
647 1032 21 16 in
676 1032 32 16 the
716 1037 42 16 way
767 1032 20 17 of
795 1032 122 22 advertising.
1800 1038 8 11 a
1818 1039 9 14 e,

558 1055 85 18 Patients
652 1054 91 23 suffering
751 1056 49 16 from
809 1056 86 19 Chronic,
1016 1054 38 17 and
1061 1054 99 16 Muscular
1167 1054 129 19 rheumatism,
1306 1053 56 20 Gout,
1372 1054 103 17 Rlmmatio
1482 1054 56 20 Gout,
1553 1053 46 18 Skin
1607 1053 91 21 Diseases,
1716 1054 93 21 Sciaticas
1818 1061 8 13 <;

536 1079 55 21 bago,
610 1078 108 22 Neuralgia,
737 1078 86 17 Nervous
839 1078 125 19 Exhaustion,
982 1077 78 17 Uterine
1076 1077 100 20 Ailments,
1194 1077 38 16 and
1248 1076 56 22 tardy
1320 1077 141 17 convalescense
1479 1077 48 17 from
1544 1078 55 16 acute
1616 1077 80 17 diseases
1712 1083 44 17 may
1772 1077 37 23 rolji
1818 1082 9 13 (i

536 1101 99 23 obtaining
643 1101 89 17 immense
741 1101 59 21 relief,
810 1101 39 18 and
856 1102 21 16 in
884 1101 31 17 the
924 1101 89 22 majority
1022 1100 20 17 of
1050 1106 51 11 cases
1110 1106 11 11 a
1130 1100 92 22 complete
1231 1105 49 12 cure.
1802 1104 7 12 :i
1819 1103 8 13 il

559 1162 53 17 THE
624 1160 112 19 PRIEST'S
744 1162 147 18 P.ATH.—This
899 1162 16 17 is
923 1161 87 22 strongly
1018 1161 48 17 acid,
1080 1160 113 20 aluminous,
1209 1160 79 22 sulphur
1305 1161 62 19 water,
1387 1160 65 23 acting
1469 1167 20 11 as
1506 1166 11 11 a
1533 1160 93 23 powerful
1643 1160 40 18 skin
1701 1161 104 17 stimulant,

536 1185 38 17 and
583 1185 41 17 cold
632 1185 87 19 showers,
730 1185 37 17 and
776 1185 81 17 douches
867 1191 30 11 are
906 1184 90 23 provided
1005 1184 38 17 and
1051 1184 126 22 comfortably
1186 1183 86 17 enclosed
1281 1183 86 23 dressing
1375 1189 62 11 rooms
1805 1183 4 24 !
1820 1188 8 12 (i

559 1206 114 19 MADAME
694 1208 125 17 RACHEL'S
839 1207 145 18 PATH.—Tin's
993 1207 106 17 celebrated
1108 1207 70 22 Spring
1186 1206 16 18 is
1211 1213 10 10 a
1237 1206 62 18 Saline
1313 1207 58 16 water
1385 1207 47 16 with
1449 1207 90 20 Silicates,
1554 1207 38 16 and
1605 1207 34 16 has
1656 1213 23 10 an
1693 1207 81 18 alkaline
1791 1209 19 16 r<)
1820 1202 27 21 ii~

536 1232 39 17 The
584 1232 58 16 water
650 1231 15 16 is
675 1231 38 16 also
722 1237 22 11 us
750 1231 19 17 id
776 1232 103 21 internally
888 1232 29 16 for
925 1231 24 16 its
957 1230 98 17 beneficial
1063 1230 63 17 action
1135 1236 25 11 on
1168 1228 33 18 the
1209 1229 85 22 kidneys.
1806 1228 3 25 I
1820 1231 8 13 <i

560 1254 52 18 THE
632 1254 69 17 BLUE
722 1254 145 17 BATH.—This
884 1254 15 18 is
915 1254 32 17 the
964 1254 71 22 largest
1050 1253 77 17 natural
1144 1253 108 22 swimming
1266 1249 47 21 bath
1327 1253 21 16 in
1362 1253 32 17 the
1411 1253 95 17 Southern
1515 1253 131 22 Hemisphere.
1670 1253 21 17 It
1699 1254 68 16 affords
1776 1254 29 17 rlu
1806 1251 5 15 s
1821 1252 8 25 'j

536 1277 80 18 invalids
624 1284 11 10 a,
645 1283 63 11 means
717 1277 20 17 of
745 1277 68 23 taking
821 1277 82 23 painless
911 1277 86 17 exorcise,
1007 1277 62 16 which
1078 1277 46 21 they
1132 1276 68 22 highly
1209 1275 112 23 appreciate.
1806 1273 5 14 !
1821 1273 8 13 ()

560 1301 52 17 THE
621 1300 123 17 SULPHUR
752 1301 106 17 VAPOUR
866 1300 145 17 BATH.—This
1017 1300 16 17 is
1038 1306 12 10 a
1056 1300 76 16 natural
1138 1300 34 16 hot.
1176 1305 79 16 vapour,
1261 1299 68 21 highly
1336 1299 82 21 charged
1423 1300 46 16 with
1477 1300 79 21 sulphur
1565 1305 59 16 gases,
1637 1300 105 17 conducted
1755 1300 40 17 info
1807 1294 13 25 !
1820 1294 27 25 %t

536 1324 54 23 perly
598 1322 119 19 constructed
723 1324 58 20 chest,
788 1324 21 17 in
814 1324 63 17 which
882 1324 31 16 the
920 1324 32 16 the
957 1323 74 22 patient
1037 1323 38 19 sits,
1084 1322 55 18 while
1147 1322 79 22 sulphur
1231 1322 20 17 in
1257 1328 23 11 an
1286 1322 114 22 impalpable
1407 1322 49 18 form
1462 1323 16 17 is
1484 1322 57 23 being
1546 1322 108 23 constantly
1660 1322 96 23 deposited
1762 1329 24 11 on
1794 1324 17 18 tl,
1822 1336 7 4 ~

560 1347 52 17 THE
632 1347 60 16 NEW
713 1346 123 18 SULPHUR
856 1346 145 18 BATH.—This
1013 1346 16 16 is
1042 1352 10 10 a
1065 1352 45 15 very
1123 1347 67 20 strong
1202 1345 59 17 acidic
1273 1347 58 15 water
1343 1345 20 17 of
1374 1345 48 22 high
1435 1347 132 20 temperature,
1581 1345 38 17 and
1635 1346 87 23 strongly
1739 1352 73 12 recomn
1821 1358 9 13 (i
1831 1353 15 11 n.

536 1371 20 16 in
572 1376 51 11 cases
639 1370 20 17 of
675 1369 123 18 rheumatism
807 1371 38 16 and
853 1370 57 17 allied
918 1370 86 17 diseases.
1028 1369 40 17 The
1075 1369 48 17 bath
1137 1369 59 17 house
1212 1369 16 17 is
1245 1368 74 17 divided
1335 1369 41 16 into
1392 1369 69 17 Ladies
1477 1369 38 16 and
1531 1369 121 18 Gcntleincns
1669 1369 128 23 departments
1821 1379 9 13 (;

537 1393 77 22 capable
622 1393 20 17 of
650 1393 164 21 accommodating
821 1395 35 15 -100
864 1394 77 16 bathers
949 1392 56 23 daily.
1822 1394 26 20 liie

560 1416 99 18 LADIES'
673 1416 59 17 NEW
741 1416 141 18 SWIMMING
894 1415 144 18 BATH.—This
1046 1416 16 16 is
1071 1421 11 11 a
1096 1416 64 17 recent
1172 1421 72 11 annexe
1253 1416 20 16 to
1282 1416 31 16 the
1323 1415 71 17 Rachel
1404 1415 92 18 Pavilion.
1525 1416 17 17 It
1551 1416 14 17 is
1575 1416 22 17 30
1607 1416 37 17 feet
1654 1416 45 21 long
1708 1416 25 21 by
1743 1417 20 17 24
1775 1416 34 17 feel
1821 1415 4 22 (
1826 1415 4 22 ;

537 1440 24 16 its
570 1439 83 23 greatest
661 1439 58 22 depth
728 1439 15 17 is
751 1441 11 15 4
771 1440 39 16 feet
818 1440 38 16 and
864 1440 25 16 its
899 1439 85 22 capacity
993 1439 64 21 25,000
1066 1439 80 22 gallons.
1172 1439 21 17 It
1201 1439 15 16 is
1225 1439 52 16 tilled
1289 1439 45 16 with
1345 1444 58 12 water
1412 1439 49 17 from
1472 1439 31 17 the
1512 1439 71 17 Rachel
1593 1439 54 22 Spi'in

537 1463 20 17 at
565 1468 9 11 a
584 1463 126 21 temperature
719 1463 20 16 of
748 1463 21 16 98
778 1463 84 21 degrees.

560 1486 52 17 THE
621 1485 162 18 ELECTRICAL
792 1486 182 17 DEPARTMENT.
977 1485 67 17 —This
1054 1485 120 22 department
1188 1485 16 17 is
1221 1485 70 22 replete
1308 1485 44 16 with
1367 1485 33 17 the
1417 1486 49 16 most
1480 1486 79 17 modern
1575 1486 107 21 appliances
1699 1486 30 17 for
1745 1486 88 22 carrying
1848 1492 8 11 c

537 1508 74 18 various
620 1508 58 18 forms
687 1509 20 16 of
715 1508 80 18 medical
803 1508 91 18 electrical
905 1510 102 15 treatment
1014 1508 20 16 in
1044 1508 48 17 (heir
1103 1508 88 21 entirely.

560 1532 53 17 THE
619 1532 190 17 HYDROPATHIC
816 1532 116 18 PACKING
938 1531 53 17 AND
999 1531 119 17 MASSAGE
1124 1531 224 17 DEPARTMENT.—A
1355 1531 56 17 series
1416 1531 21 17 of
1442 1538 63 10 rooms
1512 1538 30 10 are
1552 1531 97 18 furnished
1658 1532 36 16 and
1704 1533 27 16 set
1738 1534 53 20 apart
1800 1533 30 16 for
1837 1538 19 12 ea

537 1561 38 14 sex,
582 1555 20 17 in
608 1555 54 17 order
667 1556 20 16 to
696 1560 54 18 carry
756 1556 34 17 out
798 1555 37 17 this
841 1555 104 23 important
950 1554 80 22 adjunct
1035 1555 19 16 to
1061 1555 108 16 treatment.
1176 1555 39 16 The
1221 1555 77 16 services
1306 1555 19 16 of
1330 1561 11 10 a
1346 1554 89 22 qualified
1442 1555 96 17 Masseuse
1543 1555 38 17 and
1586 1555 85 18 Masseur
1680 1561 30 10 an;
1719 1555 114 18 obtainable.

537 1611 89 17 Resident
635 1611 108 21 Engineer:

607 1634 116 17 CAMILLE
736 1634 133 19 MALFROY,
879 1634 45 19 Esq.

1429 1611 90 17 Resident
1528 1611 80 17 Medical
1619 1610 93 23 Superinte

745 1879 57 23 Tzuo
815 1879 71 23 miles
899 1879 75 31 from
992 1878 122 29 Rotorua,
1136 1876 134 32 adjoining
1285 1877 150 32 interesting
1444 1879 83 22 native
1538 1878 144 23 settlement.

1155 1917 30 19 fSb
1210 1912 31 24 ???
1253 1916 35 20 .%fe
1454 1935 5 1 .

1058 2035 118 22 PAT
1192 2035 23 23 R
1236 2034 21 23 O
1275 2034 32 23 N
1324 2034 21 22 S
1355 2043 9 16 ;

680 2076 54 18 Earl
758 2076 26 17 of
806 2075 107 22 Kintore,
939 2074 54 19 Earl
1019 2074 26 19 of
1068 2074 100 22 Onslow,
1190 2074 104 24 Marquis
1316 2074 26 18 of
1359 2074 130 23 Drogheda,
1512 2074 62 19 Lord
1595 2074 145 22 Carrington.

540 2107 87 21 nnMS
641 2107 93 20 HOTEL
744 2107 37 19 has
791 2107 89 24 recently
891 2108 51 18 been
952 2106 141 25 considerably
1103 2106 103 23 enlarged,
1218 2106 115 23 renovated,
1346 2107 40 17 and
1395 2106 131 19 refurnished
1536 2105 114 26 regardless
1660 2107 20 17 of
1696 2112 93 19 expanse,
1809 2107 39 17 and
1867 2107 15 17 is

544 2128 25 27 _JL
605 2134 73 24 widely
688 2134 74 18 known
772 2134 33 18 for
814 2134 27 18 its
851 2133 99 19 excellent
960 2133 178 21 accommodation.
1150 2133 87 21 Cuisine,
1251 2133 33 18 &c.

915 2168 74 22 Here
1001 2176 45 14 are
1058 2168 40 22 the
1113 2167 80 31 Chief
1201 2167 88 31 SigJiis
1300 2167 32 31 of
1339 2168 40 22 the
1391 2167 119 23 District.

670 2210 46 18 The
724 2210 141 18 Wonderful
874 2210 80 18 Steam
963 2210 46 17 and
1018 2210 48 17 Hot
1075 2209 84 18 Water
1167 2208 130 23 Petrifying
1307 2208 98 23 Geysers
1420 2209 80 23 playing
1512 2208 66 21 nearly
1596 2209 32 16 100
1640 2208 42 22 .feet
1698 2208 54 23 high.

538 2233 132 23 Petrifying
679 2233 105 23 Geysers,
795 2233 129 18 Cauldrons
934 2233 25 18 of
966 2232 90 23 Boiling
1065 2232 57 18 Mud
1131 2232 47 18 and
1188 2232 41 18 Oil.
1256 2232 75 23 Spout
1340 2232 66 21 Bath,
1417 2232 36 18 Oil
1462 2232 65 22 Bath,
1538 2231 71 19 Alum
1619 2231 60 18 Bath
1688 2231 20 19 &
1722 2231 79 19 Jack's
1815 2232 66 18 Bath.

538 2257 82 19 Known
630 2258 32 18 for
669 2256 34 19 the
710 2256 155 24 extraordinary
873 2263 56 12 cures
937 2258 20 16 of
967 2256 148 24 Rheumatism,
1126 2256 120 23 .Neuralgia,
1256 2255 113 26 Lumbago,
1379 2255 91 24 Sciatica,
1480 2255 88 26 Kidney,
1581 2255 60 18 Liver
1651 2255 39 19 and
1696 2255 186 26 other'complaints

655 2290 42 47 C.
724 2291 40 45 E.

948 2348 103 26 Guide

1348 2347 126 31 Sophia.

1487 2289 277 55 Proprietor.

958 2510 39 23 On
1021 2510 40 23 the
1086 2510 90 23 Direct
1199 2510 81 23 Route
1301 2514 22 19 to
1343 2510 118 23 Rotorua-

773 2550 46 18 For
836 2550 106 23 Scenery,
958 2550 109 18 Curative
1079 2551 133 22 Properties
1221 2551 26 17 of
1253 2551 40 17 the
1302 2551 73 17 Baths
1383 2551 47 17 and
1439 2550 207 22 accommodation,

682 2582 123 25 EXCEL
836 2582 70 24 ALL
939 2582 139 25 PLACES
1110 2582 47 25 OF
1186 2582 75 25 THE
1295 2582 86 25 KIND
1416 2582 31 26 IN
1480 2583 74 25 THE
1587 2582 160 26 COLONY.

565 2647 65 19 Those
745 2646 66 19 which
821 2646 32 18 for
864 2646 53 19 their
935 2646 96 19 Curative
1041 2646 121 25 Properties'
1169 2646 38 19 and
1219 2645 136 20 Comfortable
1366 2646 96 25 Fittings,
1474 2646 52 19 have
1538 2645 49 20 been
1606 2647 128 24 pronounced
1750 2646 27 25 by
1794 2647 26 18 all
1837 2648 44 17 who

538 2674 52 18 have
610 2673 74 18 visited
704 2673 55 18 them
776 2678 75 13 second
869 2678 24 12 to
911 2678 53 13 xonk
981 2678 21 13 ix
1019 2672 53 19 New
1088 2672 106 19 Zeal'akd.
1223 2672 42 19 The
1280 2678 108 13 numerous
1399 2672 135 19 testimonials
1543 2672 92 19 received
1646 2679 21 12 as
1679 2675 21 16 to
1710 2673 54 18 their
1773 2680 57 11 cures
1841 2674 40 18 and

538 2700 86 18 comfort
635 2699 75 19 should
729 2698 25 19 ho
772 2698 98 20 sufficient
889 2702 19 14 to
926 2698 71 18 induce
1012 2698 91 20 Tourists
1120 2698 41 19 and
1174 2701 68 15 others
1259 2700 20 17 to
1289 2698 47 19 visit
1348 2698 61 19 them.
1439 2698 32 20 No
1482 2702 57 15 extra
1549 2698 75 25 charge
1634 2698 17 19 is
1661 2699 59 19 made
1730 2700 32 18 for
1772 2699 34 19 the
1816 2705 36 13 use
1862 2700 20 18 of

538 2726 34 19 the
583 2725 61 19 baths
654 2728 21 16 to
685 2731 83 18 persons
779 2724 82 25 staying
870 2727 21 15 at
901 2725 33 18 the
945 2724 61 19 hotel.

858 2771 81 26 THE
966 2756 532 42 OKOR^mE^'sXNATORIUM

565 2814 21 18 Is
596 2813 109 19 connected
716 2813 48 18 with
776 2813 34 18 the
820 2813 134 25 Telegraphic
965 2815 74 22 systorri
1049 2813 22 18 of
1080 2813 35 18 the
1126 2812 81 25 Colony,
1219 2813 34 18 the
1261 2812 115 26 Telegraph.
1387 2813 62 18 Ohice
1459 2813 108 25 adjoining
1578 2813 35 18 the
1623 2813 70 18 Hotel.
1721 2813 36 19 All
1764 2813 118 25 Telegrams

539 2840 101 25 promptly
650 2839 78 24 replied
738 2842 27 15 to.

565 2866 96 22 Coaches,
673 2865 98 25 Buggies,
783 2864 40 19 and
834 2864 142 24 Conveyances
985 2865 21 18 of
1016 2865 26 18 all
1053 2865 60 18 hinds
1132 2864 57 19 leave
1207 2864 40 19 this
1265 2864 63 19 Hotel
1345 2871 23 12 on
1388 2864 112 25 Tuesdays,
1521 2865 123 24 Thursdays,
1664 2865 39 18 and
1722 2865 119 24 Saturdays,
1861 2872 21 12 or

539 2893 54 23 daily
604 2892 15 18 if
631 2892 101 24 required.
776 2891 87 18 Persons
883 2897 23 12 en
926 2896 57 13 route
1002 2892 31 17 for
1051 2890 92 20 Rotorua
1158 2897 34 12 are
1211 2890 102 19 therefore
1333 2890 86 19 enabled
1440 2894 18 15 to
1479 2891 47 18 visit
1536 2891 35 18 the
1587 2891 91 18 wonders
1688 2891 21 18 of
1722 2891 103 25 Okoroire,
1842 2891 39 20 and

541 2919 59 25 enjoy
610 2918 34 19 the
656 2917 89 19 Natural
755 2917 43 19 Hot,
809 2916 64 19 Baths
884 2916 39 19 and
931 2925 12 10 a
953 2917 56 24 day's
1019 2921 41 14 rest
1070 2918 94 24 previous
1174 2919 20 16 to
1206 2916 138 25 undertaking
1354 2923 12 12 a
1375 2916 88 26 journey
1474 2919 20 16 to
1505 2918 33 18 the
1550 2916 73 19 Lakes.

1097 2965 84 15 THIS
1206 2965 120 16 HOTEL

712 2994 44 18 Has
764 2993 90 24 recently
866 2992 3 26 I
879 2999 35 12 eon
926 2992 83 24 eroded,
1020 2993 39 19 and
1073 2994 17 18 is
1100 2994 77 24 replete
1188 2993 49 19 with
1254 3000 59 16 every
1324 2994 85 18 comfort
1418 2994 33 18 for
1461 2994 91 18 Tourists
1562 2993 40 19 and
1613 2993 98 19 Invalids.

568 3020 185 19 Note.—Tourists
763 3022 21 16 to
794 3019 92 19 Rotorua
894 3018 4 26 !
926 3018 29 19 Be
966 3025 45 13 sure
1024 3022 20 15 to
1061 3019 47 19 take
1128 3026 50 17 your
1197 3020 30 18 rai
1237 3026 43 18 way
1300 3019 72 19 tickets
1390 3020 32 18 for
1439 3019 114 19 Okokoike.
1591 3019 142 25 Conveyances
1747 3022 53 17 meet
1819 3020 63 19 trains

540 3046 102 20 Okoroire,
655 3046 95 20 carrying
760 3051 121 15 passengers
891 3048 20 15 to
922 3045 63 18 Hotel
994 3046 43 18 free
1053 3046 20 18 of
1083 3045 81 21 charge.

1559 3092 204 35 ana&er.

795 3342 476 56 ROBERTSON
1339 3344 163 52 AND
1550 3344 48 54 O

798 3414 244 40 EXPRESS
1078 3415 136 38 LINE
1250 3415 69 40 OF
1357 3415 264 39 COACHES.

542 3466 228 55 Carrying
790 3466 96 45 Jtfer
912 3466 252 57 JVlajesty's
1200 3466 136 46 JWails
1368 3478 51 35 as
1458 3478 82 43 per
1571 3466 310 54 Time-tables,

704 3537 274 18 TAUEANGA-KOTORUA
990 3537 63 18 LINE

695 3569 67 23 depart
809 3568 87 22 Tuesday
905 3568 36 18 and
950 3568 94 23 Saturday

693 3592 60 18 arrive
841 3605 11 7 ~
997 3605 10 7 ~

805 3661 86 22 Monday
908 3661 37 17 and
960 3661 72 22 Friday

1100 3570 10 16 8
1119 3575 44 11 a.m.

1058 3593 52 16 10.30
1119 3598 44 11 a.m.

1058 3615 51 18 10.45
1119 3621 43 12 a.m.

1099 3640 11 15 G
1117 3644 45 17 p.m.

1098 3662 10 17 7
1118 3668 44 10 a.m.

1056 3685 51 16 12.30
1117 3690 45 16 p.m.

1055 3708 51 17 12.45
1115 3713 47 16 p.m.

1066 3731 40 16 3.15
1115 3736 47 16 p.m.

1212 3570 85 17 Eotorua

1211 3592 99 18 Ateamuri

1211 3614 94 19 Wairakei

1211 3639 71 22 Taupo,

1210 3662 72 22 Taupo,

1210 3707 104 20 Ateamuri,

1210 3730 91 21 Eotorua,

1388 3539 219 17 EOTOEITA-TATJPO
1625 3539 69 17 LINE.

1352 3569 68 23 depart
1602 3570 37 17 and
1660 3570 95 23 Saturday

1467 3661 100 23 Thursday
1581 3661 38 17 and
1635 3661 85 22 Monday

708 3786 125 32 Special
846 3786 230 32 Conveyances
1089 3786 158 31 arranged
1260 3784 48 26 for
1322 3786 33 24 at
1366 3786 55 26 the
1435 3786 146 26 Shortest
1594 3785 120 26 Notice.

865 3822 200 28 STABLES:
1084 3822 169 26 Tutanekai
1282 3822 110 31 Street,
1416 3823 143 26 Rotorua.

705 3864 113 33 Buggies,
835 3864 119 32 ©octets
971 3863 52 24 ai-id
1040 3862 96 28 paddle
1154 3863 93 33 Ifop§e§
1263 3871 31 15 oi->
1312 3863 50 24 f-di'e
1380 3872 31 15 oi->
1493 3864 119 32 (Shortest
1630 3862 95 34 %>tice.

1025 3904 130 17 TEF2?U£S
1183 3904 216 18 TUtODERKTS.

891 3935 144 30 Telegrams
1047 3934 53 22 and
1108 3934 102 23 Letters
1217 3934 150 31 punctually
1380 3934 118 24 attended
1507 3937 28 21 to.

541 4005 77 27 NB.
654 4002 115 27 Please
781 4001 75 25 note
869 4000 132 25 address

661 4043 61 64 €.
773 4038 461 68 RQBeRTSON
1280 4040 49 63 &
1364 4040 127 66 CO.,
1529 4047 233 47 Rotorua.

871 4120 307 44 contractors
1201 4113 78 47 fop
1291 4115 182 47 .Messrs
1494 4116 44 46 T.
1562 4115 127 47 Cook
1709 4115 47 47 &
1778 4116 103 47 Son.

1908 893 76 43 W.
2012 894 57 42 A.
2097 891 354 57 BOUKHoteI,
2486 895 266 50 Wairakei.

2276 973 52 19 Lake
2338 974 70 26 Taupo
2419 976 101 24 (Rotorua
2530 978 58 24 side.)

1902 1027 338 59 Hydropathic
2262 1035 349 41 jaggommqdation.

2270 1091 93 19 JEORTS
2376 1093 33 17 OF
2421 1094 16 17 A
2450 1094 76 18 HOME
2538 1096 51 18 FOR

2066 1110 35 19 Six
2112 1111 58 20 miles
2179 1112 52 19 from
2241 1107 53 27 LaL,
2310 1127 66 19 AND
2389 1128 147 21 INVALIDS
2539 1107 4 42 _

2046 1172 181 27 SUPERIOR
2248 1175 20 24 A
2271 1162 195 33 f°~°—-

2274 1204 38 25 is,
2338 1199 185 28 Kiri-o-Kai
2544 1208 35 19 or
2605 1204 78 26 New
2707 1205 80 27 Skin

2069 1230 47 16 ALT
2116 1232 146 53 Touß?sTs
2270 1232 23 31 <e
2306 1239 102 27 Baths
2411 1261 5 10 '
2439 1241 109 27 Grand
2569 1244 143 28 Climate.

1896 1335 39 24 !ot
1960 1334 189 30 Swimminff
2171 1338 101 26 BatllS
2277 1336 41 12 com
2321 1336 12 18 r
2335 1336 40 13 anv
2390 1333 20 16 to
2412 1338 21 12 «i
2433 1332 3 32 -
2437 1332 37 19 ists
2490 1334 20 17 to
2526 1333 35 19 the
2582 1335 80 19 various
2683 1336 68 25 places
2768 1338 22 18 of

1946 1376 25 8 t*
1994 1376 118 8 *.■,-*-*,
2129 1365 27 19 Z*
2221 1379 8 5 ,
2274 1355 42 29 [the
2326 1358 52 18 most
2387 1357 61 20 facile
2456 1364 47 19 pen,
2514 1359 42 19 and
2571 1366 38 13 can
2627 1361 47 23 only
2693 1362 25 19 bo
2737 1362 52 20 real-

1946 1376 93 32 Bath,
2052 1377 65 25 Hot
2130 1378 130 26 Douche

1987 1418 172 26 Elevation
2180 1420 162 31 1,350==

1925 1466 9 9 n
1934 1448 2 29 .
1938 1466 32 10 TIT
1970 1466 9 4 _
1982 1467 13 7 rr
2088 1467 24 3 ....
2289 1448 29 21 V
2333 1448 90 19 contains
2440 1449 34 19 the
2493 1449 103 26 following
2615 1451 122 26 unequalled
2745 1453 30 21 Na-

1983 1470 54 19 tural
2057 1472 92 17 wonders
2170 1472 156 23 :—Tuhuatahi,
2347 1480 23 13 or
2393 1474 63 20 Great
2480 1475 131 27 Champagne
2629 1477 111 25 Cauldron;
2756 1479 34 19 the

1983 1496 62 18 Grout
2056 1496 106 19 Wairakei
2171 1496 77 26 Geyser
2256 1496 4 33 ;
2273 1498 34 20 the
2317 1498 87 26 Donkey
2415 1500 92 26 Engine;
2521 1502 35 19 the
2566 1502 54 19 Bath
2630 1503 21 19 of
2660 1504 34 18 the
2704 1504 85 25 Fairies;

1982 1522 34 18 the
2036 1521 115 26 Lightning-
2166 1524 64 22 Pool;
2244 1524 34 19 the
2295 1524 88 20 Cascade
2399 1525 82 26 Geyser,
2500 1534 23 12 or
2540 1528 101 25 Dragon's
2659 1529 83 26 Mouth;
2756 1531 35 19 tho

1982 1547 65 20 Black
2056 1548 89 25 Geyser;
2161 1549 35 19 the
2209 1550 49 18 Mud
2271 1551 87 24 Geyser;
2373 1552 35 19 the
2427 1552 52 20 Blue
2497 1547 68 33 Lake;
2576 1555 34 18 the
2627 1555 33 19 Oil
2677 1555 65 25 Bath;
2756 1557 34 19 tho

1982 1573 83 26 Eagle's
2073 1573 62 33 Nest;
2150 1575 33 19 the
2191 1576 77 18 Devil's
2276 1576 69 20 Punch
2354 1573 70 33 Bowl;
2440 1579 35 18 the
2483 1578 73 21 Prince
2564 1581 21 18 of
2593 1580 76 20 Wales'
2678 1582 99 20 Feathers
2785 1573 4 33 ;

1982 1599 35 19 the
2037 1600 85 24 Mirror;
2138 1601 35 19 the
2192 1601 56 20 Twin
2269 1602 87 25 Geyser:
2371 1604 35 19 the
2423 1604 60 20 Coral
2500 1605 88 25 Geyser;
2604 1607 33 18 tho
2648 1607 66 20 Green
2729 1609 60 23 Pool;

1985 1625 127 21 Terekerehe
2123 1633 22 13 or
2164 1627 49 19 Hell
2233 1628 86 25 Geyser;
2342 1630 34 18 the
2396 1630 69 19 Steam
2484 1630 106 21 Hammer.
2619 1632 83 21 Guide's
2719 1634 33 20 fee
2770 1638 21 17 to

1983 1651 77 26 Geyser
2069 1651 79 27 Valley,
2161 1655 22 17 5s
2190 1660 5 17 ;
2210 1654 90 20 distance
2309 1655 52 19 from
2369 1656 35 19 the
2418 1656 61 25 hotel,
2493 1659 7 16 1
2512 1658 54 19 milo.

1905 1712 99 22 THG
2025 1712 370 25 HRGHTeHTeKor
2413 1715 81 20 Ladder
2511 1716 85 26 Rapids.
2632 1717 43 20 Tho
2691 1719 101 21 Grandest

1983 1737 79 26 Bapids
2072 1738 21 19 in
2103 1738 35 19 the
2149 1738 100 21 Southern
2254 1739 153 27 .Hemisphere;
2422 1742 75 25 falling
2512 1742 21 19 in
2550 1743 32 19 six
2600 1743 81 20 distinct
2699 1746 92 19 cascades

1984 1765 94 25 amongst
2088 1765 63 18 weird
2162 1766 40 17 and
2211 1766 79 24 nigged
2308 1773 82 18 scenery
2417 1768 96 19 Distance
2531 1769 53 19 from
2603 1770 33 19 tho
2653 1770 62 25 hotel,
2735 1772 56 19 three

1984 1790 64 18 miles.
2076 1790 74 19 Saddle
2161 1791 69 19 horses
2240 1795 20 16 to
2269 1792 47 19 visit
2330 1793 35 19 the
2379 1792 79 27 Rapids
2473 1796 22 17 7s
2505 1795 26 18 Gd
2541 1795 55 20 each.

1909 1850 230 23 KSRKPITI
2158 1858 22 11 or
2189 1851 34 18 the
2234 1851 76 19 Devil's
2320 1851 98 26 Trumpet
2436 1853 17 19 is
2472 1854 44 18 said
2535 1856 20 17 to
2574 1855 49 19 emit
2641 1862 12 12 a
2669 1862 93 19 prcssuro
2771 1857 21 19 of

1988 1876 67 19 IbOllis
2067 1877 20 18 of
2098 1881 63 14 steam
2174 1880 20 15 to
2204 1877 34 19 the
2248 1877 52 23 inch,
2313 1878 52 19 from
2375 1884 26 13 an
2419 1883 94 21 aperture
2523 1881 21 18 of
2563 1881 62 18 about
2643 1881 71 20 twelve
2723 1883 69 19 inches

1984 1902 19 19 hi
2016 1902 104 19 diameter.
2150 1903 95 18 Distance
2265 1903 19 19 fr
2298 1910 19 13 m
2338 1903 54 20 hotel
2411 1905 58 19 three
2488 1907 40 17 and
2548 1913 12 12 a
2578 1907 46 19 half
2639 1907 69 24 miles;
2722 1909 69 19 saddle

1983 1928 70 19 horses
2063 1932 19 15 to
2091 1929 47 18 visit
2149 1929 34 18 the
2193 1929 70 21 above,
2274 1931 23 17 2s
2307 1929 26 19 (id
2343 1930 55 20 each.

1945 1989 62 14 [_'rci
2028 1989 8 14 i
2053 1989 2 14 ■.
2065 1990 5 13 \

1989 2025 17 6 .;.
2015 2015 72 28 ijll.-j.ji.
2097 2025 25 8 iu.
2154 2025 40 8 .inu
2205 2015 54 18 jmih
2270 2022 44 12 iiiiiv
2328 2016 23 18 bo
2361 2016 73 18 visited
2444 2023 25 11 on
2479 2016 34 19 the
2526 2023 54 13 same
2599 2018 115 25 expedition
2724 2025 23 12 as
2757 2020 34 18 the

1987 2039 78 20 Devil's
2075 2040 105 25 Trumpet.
2209 2041 96 19 Distance
2315 2042 52 18 from
2377 2041 56 19 hotel
2443 2043 57 18 three
2511 2043 39 19 and
2561 2050 11 12 a
2588 2044 44 19 half
2641 2044 67 25 miles;
2723 2045 68 20 saddle

1983 2066 59 18 horse
2052 2073 22 11 or
2085 2066 71 23 buggy
2166 2067 23 19 2s
2199 2067 26 18 Cd
2239 2067 56 19 each.

2107 2272 59 25 Hot
2193 2272 95 25 Lakes
2308 2272 33 25 of
2358 2272 71 25 New
2448 2272 142 25 Zealand.

2044 2535 28 19 18
2085 2536 23 18 A
2121 2536 191 20 FIRST-CLASS
2325 2537 206 19 TEMPERANCE
2544 2538 106 19 HOTEL.

2262 2623 9 2 -.
2310 2605 136 24 .2EET,
2466 2604 238 23 ROTORUK.

1906 2667 83 30 npHIS
2001 2667 60 18 NEW
2074 2668 54 17 AND
2142 2667 188 18 COMFORTABLE
2343 2667 217 19 ESTABLISHMENT
2568 2668 16 17 is
2593 2667 81 19 situated
2682 2668 20 17 in
2711 2667 31 18 the
2751 2671 40 13 new

1912 2686 21 25 JL
1968 2691 94 22 township
2072 2692 19 16 of
2099 2691 91 21 Botorua,
2200 2691 48 17 close
2257 2692 19 15 to
2286 2690 31 18 the
2326 2691 127 17 Government
2469 2692 119 17 Sanatorium
2601 2691 38 17 and
2651 2691 65 21 Baths,
2731 2690 61 17 which

2226 2714 90 22 comprise
2324 2714 32 18 the
2366 2714 104 18 celebrated

1905 2742 92 19 Priest's
2006 2742 66 23 Bath.,
2084 2742 108 19 Madame
2201 2742 85 18 Rachel
2295 2742 78 23 Baths,
2385 2742 139 19 Chameleon
2534 2742 95 19 Douche
2637 2742 65 22 Bath,
2718 2742 74 23 Large

1975 2766 56 18 Blue
2041 2765 137 24 Swimming
2187 2765 66 22 Bath,
2270 2765 101 23 Sulphur
2383 2766 96 23 Vapour
2488 2766 61 18 Bath
2557 2766 46 18 and
2613 2765 109 19 Galvanic

2260 2789 97 23 Battery
2367 2789 65 22 Bath,

1905 2813 69 17 OVER
1985 2813 92 17 WHICH
2093 2812 87 17 LARGE
2197 2812 117 17 BATHING
2331 2812 140 19 PAVILIONS
2491 2812 72 18 HAVE
2584 2813 70 16 BEEN
2674 2812 117 17 ERECTED

2009 2836 45 17 with
2064 2841 101 12 numerous
2174 2836 91 21 Dressing
2281 2835 75 20 Rooms,
2366 2837 35 16 etc.
2427 2836 75 17 Besides
2512 2836 51 17 those
2572 2836 52 17 there
2633 2836 15 16 is
2656 2836 32 17 the

1905 2859 133 18 Pain-killer
2049 2859 67 22 Bath,
2132 2858 132 23 Coffee-pot,
2281 2858 130 18 Cameron's
2425 2859 47 17 and
2486 2859 129 18 Hinemaru
2629 2858 71 18 Baths
2714 2857 23 19 in
2752 2858 40 18 the

2209 2881 148 18 Sanatorium
2375 2881 113 19 Grounds.

1905 2926 112 21 Bathgate
2037 2926 73 19 House
2127 2926 38 19 has
2181 2926 52 19 been
2252 2926 79 25 greatly
2349 2926 96 23 enlarged
2460 2926 32 19 for
2509 2926 92 19 Tourists
2617 2933 22 12 as
2658 2926 46 19 well
2721 2932 21 12 as
2761 2926 31 18 i\r

2141 2952 72 25 people
2227 2952 71 25 taking
2309 2958 11 12 a
2330 2958 69 13 course
2409 2952 21 19 of
2440 2953 34 18 the
2485 2952 71 18 Baths.

2159 2986 132 19 TERMS
2312 2987 230 19 MODERATE.

2081 3049 54 34 S.
2182 3049 53 34 T.
2288 3049 43 34 B

1905 3119 125 18 N.B.—Most
2039 3121 20 17 of
2067 3121 54 18 those
2130 3121 43 18 who
2181 3122 44 17 visit
2233 3123 74 17 Brent's
2317 3123 23 17 do
2349 3130 21 11 so
2378 3125 84 22 through
2472 3126 32 17 the
2518 3126 46 18 kind
2577 3127 179 19 recommendations
2773 3129 19 17 of

2244 3146 86 22 previous
2338 3149 109 17 customers.

1996 3255 231 47 ROBHK.T
2258 3255 254 51 FURJffiSB
2545 3259 45 47 &
2623 3260 82 50 Co.,

1942 3356 380 28 MANUFACTURERS
2359 3360 112 25 AND
2508 3361 251 32 IMPORTERS,

2097 3449 183 35 PORT
2314 3451 292 36 STReer.

2041 3577 160 24 ROTOEUA.

1928 3800 48 24 (One
1983 3801 88 18 minute's
2079 3802 50 17 walk
2138 3801 49 18 from
2194 3802 33 17 tho
2233 3802 72 19 Govern-

2055 3825 54 17 ment
2117 3824 75 23 Batlis.)

2024 3920 190 24 Teß7vrS:

1932 3963 44 23 35s
1984 3970 46 22 per
2049 3964 88 27 week;
2157 3965 29 22 6s
2201 3971 45 23 per
2255 3965 57 29 day.

1933 4009 60 24 Two
2004 4010 91 23 weeks
2103 4017 28 16 or
2142 4010 99 30 longer,
2258 4011 54 24 30s.

2032 4158 188 21 PROPRIETOR.

2361 3581 33 19 TO
2410 3581 58 19 THE
2482 3581 106 20 PUBLIC
2603 3582 34 19 OF
2653 3582 136 19 ROTOEUA.

2363 3683 25 44 I
2402 3683 56 21 BEG
2467 3686 21 18 to
2498 3685 65 19 thank
2571 3685 35 19 the
2619 3685 72 19 Public
2701 3685 21 19 of
2729 3684 48 18 Roto-

2416 3717 41 12 rua
2473 3711 33 19 for
2519 3711 53 19 their
2578 3712 82 17 favours
2672 3711 73 23 during
2757 3710 32 18 the

2362 3738 46 22 past
2417 3736 70 19 fifteen
2497 3742 64 19 years,
2573 3737 40 18 and
2627 3741 19 13 to
2663 3736 63 24 notify
2746 3735 43 19 that

2362 3763 32 18 for
2404 3761 34 20 tho
2450 3763 131 18 convenience
2591 3763 22 18 of
2622 3762 97 19 residents
2728 3761 21 19 in
2757 3761 32 18 the

2364 3788 51 19 New
2425 3788 115 25 Township,
2553 3788 39 19 and
2603 3794 31 18 my
2646 3788 57 18 trade
2719 3793 59 19 gener-

2363 3814 47 24 ally,
2421 3814 12 18 I
2443 3814 52 19 have
2505 3814 53 19 built

2389 3868 53 19 New
2450 3868 103 20 Premises
2560 3875 22 13 in
2590 3868 82 20 Fenjton
2679 3867 83 23 Street,

2363 3926 65 19 which
2439 3933 34 13 aie
2483 3933 45 12 now
2538 3932 51 18 open
2596 3926 32 18 for
2637 3924 97 23 business,
2751 3923 39 19 and

2362 3951 12 19 I
2383 3958 33 12 arn
2434 3952 100 25 prepared
2555 3955 20 15 to
2587 3951 73 24 supply

2502 3998 70 19 Prime
2590 3996 63 19 Meat

2363 4037 22 20 in
2395 4038 51 19 both
2456 4038 51 19 New
2517 4036 40 20 and
2566 4036 39 19 Old
2614 4036 124 25 Townships.

2394 4116 44 23 An
2450 4115 151 30 Inspection
2615 4114 23 23 is
2651 4114 108 23 invited.

2571 4159 101 20 HENRY
2686 4160 80 19 KIRK.

2806 750 215 47 IMPERIAL
3076 759 144 48 HOTEL,

2847 807 122 23 FORT
2992 811 194 25 STREET.

2938 847 159 22 AUCKLAND.

2833 906 94 26 Splendid,
2942 911 166 21 accommodation
3120 914 31 19 for
3163 915 48 19 Tour-

2808 932 35 18 ists
2852 933 39 18 and
2900 934 115 21 Travellers.

2824 971 179 31 High-class
3021 975 109 27 Wines
3151 979 62 25 and

2916 1004 113 33 Spirits
3041 1008 83 32 kept.

2852 1082 40 25 W.
2926 1084 30 24 H.
2986 1085 200 34 PEARCE,

2932 1122 175 32 Proprietor.

2930 1242 183 41 TAILOB,

2813 1289 34 24 (In
2856 1289 34 19 the
2904 1291 94 24 premises
3015 1292 61 26 lately
3097 1296 93 23 occupied
3207 1297 28 22 by

2916 1316 27 18 H.
2953 1317 34 19 W.
2996 1318 136 27 Neighbour.)

2831 1348 80 19 MAIN
2923 1350 89 24 ROAD,
3026 1352 190 22 OHINEMUTU.

2831 1397 224 35 RESPECTFULLY
3064 1402 48 19 calls
3121 1403 34 20 the
3171 1407 65 17 atten>

2815 1421 43 23 JLL
2887 1426 41 17 tiou
2939 1426 19 18 of
2968 1425 106 22 Residents
3082 1431 20 16 to
3110 1429 30 18 his
3148 1437 40 12 now
3197 1432 39 19 and

2813 1450 68 18 varied
2891 1451 53 18 stock
2960 1452 21 18 of

2815 1484 121 24 SPRING
2946 1485 22 23 &
2980 1485 136 26 SUMMER
3131 1489 103 24 GOODS.

2827 1552 66 19 Style
2907 1554 15 17 &
2930 1553 72 20 Pekfei

2848 1606 22 25 J.
2892 1606 29 26 H.
2943 1607 218 29 BUCHANA
3173 1612 30 32 N,

2886 1656 94 26 Stone
2993 1658 170 28 ftlereliant.

2904 1702 174 20 ESTABLISHED
3096 1707 48 17 180:!.

2838 1750 113 24 Statuary,
2979 1752 159 21 Monumental
3169 1757 45 18 and

2928 1775 96 19 General
3033 1777 88 20 Mason.

2815 1809 104 17 MARBLE
2928 1810 15 18 &
2947 1811 148 19 FREESTONE
3104 1814 133 19 CHTMXEY.

2838 1832 94 21 PIECES,
2949 1833 124 23 MANTELS,
3088 1836 82 22 VASES,
3181 1839 31 17 &c.
3236 1832 1 26 '

2843 1866 135 27 VICTORIA
2995 1869 116 27 STREET
3128 1872 80 28 EAST,

2817 1905 418 41 MUCKLKND,

2841 1966 86 26 Designs
2945 1969 39 18 and
3003 1969 63 20 Prices
3087 1971 109 19 forwarded
3215 1974 21 16 to

2815 1999 39 18 any
2863 1995 45 22 part
2918 1994 19 18 of
2947 1994 33 19 the
2991 1994 95 21 Province
3097 2004 21 11 or
3125 1997 75 26 Colony
3210 2004 26 13 on

2815 2018 126 26 application.

2886 2077 137 45 Steele
3047 2079 134 45 Bros.

2827 2175 185 41 MARAEROA
3056 2176 168 44 SAWMILL,

2878 2258 68 18 SIRE
2954 2260 25 17 to
2988 2259 72 18 thank
3069 2260 39 18 the
3117 2261 75 22 public
3201 2261 35 19 for

2897 2282 37 17 ast
2947 2281 76 19 favors
3038 2283 45 18 and
3097 2283 44 24 beg
3159 2286 24 16 to
3198 2289 38 14 an-

2815 2327 25 18 of
2850 2328 170 19 well-seasoned
3028 2329 118 19 iirst-elass
3155 2330 81 18 timber

2815 2355 30 13 on
2853 2350 60 18 hand
2921 2351 56 22 they
2985 2357 37 12 are
3031 2354 111 21 prepared
3148 2355 24 16 to
3179 2353 57 19 fulfil

2815 2373 77 19 orders
2900 2374 25 18 at
2933 2370 98 22 reduced
3039 2376 68 18 rates.

2815 2907 51 18 FntE
2878 2907 96 17 PitEirrujr
2990 2907 92 18 Exceeds
3129 2909 108 19 £1,100.000

2815 2940 68 16 ACCU.U
2887 2942 74 14 ULATED
2965 2938 68 18 FUXDS
3039 2939 55 18 EXCE
3097 2943 23 13 ED
3128 2939 15 18 £
3146 2940 91 21 1,000,000

2883 2977 37 19 W.
2942 2978 92 18 WARD
3052 2978 109 23 BAKER,

2847 3016 95 20 District
2950 3017 115 23 Manager,
3074 3018 127 19 Auckland.

2899 3056 36 20 W.
2949 3057 26 18 A.
2991 3056 162 23 WILLIAMS,

2872 3096 69 18 Local
2960 3096 83 23 Agent,
3071 3097 106 19 Rotorua.

2869 3153 106 41 DAVID
3005 3153 178 47 SHERRIFF,

2901 3228 108 18 FAMILY
3028 3227 132 25 HTJICHEE,

2869 3278 78 19 Akawa
2970 3277 89 21 Street,
3083 3277 103 20 Botoktta.

2815 3360 60 24 lately
2897 3359 106 19 conducted
3025 3360 25 24 by
3069 3359 73 20 Messrs
3160 3360 76 20 Jeclcliu

2816 3394 38 19 and
2866 3394 71 23 Cotter,
2950 3394 38 17 and
3000 3394 15 17 is
3026 3394 97 24 prepared
3134 3397 19 16 to
3167 3395 69 24 supply

2815 3429 34 17 the
2860 3428 67 25 public
2937 3428 45 18 with
2994 3428 62 24 prime
3065 3428 77 25 quality
3153 3429 21 18 of
3187 3432 49 16 meal

2815 3464 39 17 and
2864 3463 55 18 small
2930 3462 62 24 goods

2887 3505 34 19 at
2935 3505 115 19 lowest
3065 3505 102 19 rnrcEs.

2841 3568 170 23 WYNYARD
3024 3570 21 21 &
3052 3569 112 23 PURCH
3165 3568 26 24 A'

3008 3625 40 13 A.ND
3059 3624 102 15 bOLICITOI'

2814 3674 76 19 J3.N.Z.
2899 3674 116 18 Chambers.
3024 3673 101 25 QueenSt,

2878 3768 16 9 ■,-,
2907 3754 4 23 ,
3050 3754 2 23 ,
3079 3756 23 17 ~1
3114 3762 24 11 on
3155 3754 63 19 Movt-

2877 3771 17 15 Jii
2908 3773 50 14 nave
2968 3775 70 13 inonev
3050 3771 18 16 to
3077 3771 10 14 1-
3124 3782 5 3 ,
3148 3781 8 8 T

2979 3790 76 13 ..-,-,
3092 3786 40 13 and
3147 3784 60 15 Leaso-

3072 3812 60 13 rates.

2874 3824 89 19 property
2974 3823 21 15 at,
3005 3825 57 14 currfS

3005 3853 219 28 rTjVEETISIXG

2967 3890 91 26 AGl#*'

2878 3930 52 7 r/M.T.
2953 3926 62 11 \..,../'.
3030 3916 72 17 Cueex
3119 3912 82 18 Street.

2868 3976 99 15 A.lvorti«i
2968 3980 25 24 ia
3006 3987 44 16 T;[st
3052 3992 9 6 ,,
3063 3985 27 18 M
3107 3984 122 22 Aavcrtising

2839 4043 67 17 Orders
2914 4043 21 17 fr.
2939 4040 10 12 a
2958 4033 24 17 illl
2991 4039 12 16 P
3005 4038 18 12 iu
3024 4030 2 30 '
3027 4034 16 16 ts
3052 4031 90 18 atteu^ca
3150 4032 20 16 to
3184 4030 49 17 witu

2816 4072 41 11 care
2866 4066 37 17 and
3000 4061 5 11 1
3007 4050 4 36 -

2823 4113 61 36 T(,23
2899 4104 138 21 PRINTING
3060 4102 21 19 of
3093 4102 4 47 _
3105 4108 60 18 every
3189 4102 36 17 des-

2876 4131 74 18 ...ntion
2961 4128 98 21 executed
3075 4128 47 18 with
3142 4128 94 19 ueatnesa

2817 4165 39 18 and
2867 4157 84 26 ruspatch
2961 4159 21 16 at
2994 4155 34 19 the
3038 4154 119 21 Chronicle
3169 4154 68 19 Uilico.
