3300 4360
121 139 59 19 THE
189 139 59 19 END
259 139 34 19 OF
303 140 58 19 THE
368 141 107 19 WORLD.

107 190 107 19 •Professor
230 191 99 24 Foerstor,
346 193 35 19 the
394 193 85 19 director
496 193 21 18 of

79 216 38 19 tfche
137 216 69 19 Berlin
226 216 67 26 Royal
312 218 143 25 Observatory,
479 219 38 18 has

79 243 111 25 published
208 243 22 18 in
238 243 35 18 the
291 243 172 26 Reichsanzeigar
481 244 35 18 the

77 268 108 24 following
194 268 3 24 :
253 269 41 19 For
311 276 55 13 some
382 271 48 18 timo
447 271 16 18 it
479 270 38 19 has

20 291 18 106 I
80 294 51 19 been
141 294 79 24 largely
237 296 73 23 6pread
326 296 78 19 abroad
421 297 45 18 that
481 297 35 17 the

75 326 52 18 year
138 322 48 15 1899
198 320 41 19 will
247 321 61 25 bring
322 329 55 18 upon
394 329 24 12 us
434 321 81 20 mortals

79 345 35 19 the
138 346 99 19 so-called
263 345 4 22 '
277 348 125 19 destruction
433 348 22 18 of
480 348 35 18 the

80 371 77 19 •world.'
190 372 44 19 The
244 374 103 24 prophecy
357 374 18 18 is
384 373 90 19 founded
491 380 26 12 on

20 416 16 45 i
75 396 127 26 imprudent,
226 398 88 25 iuexact,
337 400 40 18 and
403 399 102 19 misunder-

80 423 57 19 stood
154 424 96 19 scientific
265 428 84 22 reports.
378 425 26 19 In
423 424 78 20 Novem-

134 450 56 22 1899,
202 450 58 19 there
268 451 41 18 will
321 452 22 17 be
354 457 12 12 a
375 451 111 24 repetition
495 452 22 17 of

79 475 35 19 the
133 478 58 21 great
214 476 79 19 shower
314 477 21 18 of
354 477 159 24 shooting-stars

77 501 48 19 4hat
133 501 58 19 takes
199 502 57 24 place
272 509 60 18 every
342 504 38 21 33J
393 509 65 18 years,
475 503 42 19 and

79 527 76 19 affords
167 534 13 12 a
190 528 129 24 magnificent
329 529 106 24 spectacle.
471 529 42 19 The

20 551 119 308 Ismail
147 556 91 20 meteors,
250 560 22 12 as
283 555 17 17 it
315 561 70 16 seems,
404 554 64 19 break
486 561 28 18 up

77 579 83 24 rapidly
169 579 40 19 and
219 580 121 25 completely
349 581 43 18 into
402 580 35 18 the
454 581 49 18 smal-

77 605 41 18 lest
127 605 95 25 particles
232 605 58 19 when
298 606 48 24 they
362 612 56 13 come
434 607 21 17 in
468 613 36 12 con-

80 633 42 16 tact
150 631 50 19 with
224 631 35 19 the
282 632 75 18 earth's
380 632 134 25 atmosphere.

80 656 56 25 They
155 663 46 19 pass
216 657 21 18 in
256 664 38 12 one
312 658 71 19 second
403 658 34 19 the
457 665 58 18 space

82 682 66 20 which
165 690 25 12 an
207 689 82 19 express
304 685 53 18 train
373 684 142 24 accomplishes

82 710 21 17 in
112 715 26 12 an
148 709 58 18 hour.
235 709 58 23 Now,
304 716 23 12 as
338 717 40 12 was
390 710 44 18 first
451 717 54 12 ascer-

79 734 70 19 tained
159 735 21 18 in
190 737 57 21 1800,
258 735 57 20 there
326 736 17 18 is
353 743 12 12 a
374 739 66 16 comet
458 743 43 12 mov-

82 762 36 23 ing
127 761 22 18 in
165 761 35 18 the
209 767 56 12 same
279 762 50 24 path
338 763 49 18 with
397 762 35 19 the
441 762 63 24 [shoot-

80 788 39 22 ing
129 790 58 19 stars,
198 787 70 23 which,
280 788 21 18 in
310 788 46 19 that
362 795 55 17 year,
437 789 78 18 crossed

81 813 36 18 the
127 813 75 18 earth'c
220 819 71 13 course
303 817 39 16 two
357 815 82 18 months
456 814 57 23 later,

82 839 44 18 that
136 839 16 17 is
162 840 34 17 tho
206 839 115 25 beginning
329 841 20 18 of
357 840 98 26 January,
465 841 48 18 1807

81 864 59 20 when
153 864 34 19 th-e
198 865 59 19 earth
267 872 41 12 was
318 873 61 17 many
390 866 89 19 millions
495 868 20 17 of

81 897 57 18 away
150 891 52 18 from
218 892 45 18 that
280 892 63 24 point.
372 892 25 19 In
412 893 34 18 the
463 899 49 18 year

84 918 47 17 1889
141 917 35 18 the
187 917 58 19 earth
262 918 41 18 will
322 918 25 19 be
356 918 41 19 still
405 918 77 19 farther
493 925 11 12 a-

80 949 44 18 way
134 945 21 16 at
166 943 35 19 the
211 944 48 18 time
270 944 59 18 when
340 944 33 19 the
381 946 65 17 comet
460 951 43 12 cros-

80 975 31 13 ses
136 969 37 18 her
188 970 56 24 path.
282 970 41 18 But
340 977 49 12 even
413 971 71 18 should
503 977 11 12 a

76 995 100 19 ■eollosion
193 995 48 19 take
259 995 56 25 place
333 998 21 16 at
372 1002 55 13 some
446 997 68 18 future

20 1030 8 121 I
80 1021 55 21 time,
152 1021 57 19 there
224 1022 18 18 is
258 1028 27 12 no
300 1028 72 13 reason
388 1024 20 16 to
427 1028 87 19 suppose

79 1047 45 19 that
134 1047 56 19 there
201 1047 67 19 -would
281 1048 25 18 be
314 1054 40 19 any
369 1048 96 19 different
482 1055 22 12 re-

80 1073 40 19 sult
134 1073 53 18 from
199 1073 45 19 that
262 1074 21 18 of
299 1074 35 18 the
344 1074 61 18 usual
423 1074 90 19 collision

77 1099 51 19 ■with
148 1099 34 18 tho
196 1106 74 12 swarm
292 1100 22 18 of
336 1100 96 24 shooting
455 1103 57 16 stars.

79 1125 104 24 Probably
192 1125 34 19 tho
237 1129 64 15 comet
311 1126 84 18 consists
402 1127 21 17 of
432 1132 11 13 a
451 1133 50 12 some-

79 1151 55 20 what
140 1151 79 19 thicker
223 1158 54 12 mass
285 1152 21 19 of
312 1152 82 19 smaller
398 1152 39 19 and
445 1152 68 26 larger

79 1177 101 25 heavenly
207 1178 77 23 bodies,
309 1185 22 12 so
348 1178 44 19 that
411 1179 16 18 it
448 1179 65 25 might

78 1204 81 24 happen
177 1204 16 18 if
209 1210 47 12 ever
274 1204 34 19 the
331 1204 103 19 the-earth
444 1211 69 19 passes

79 1229 90 25 through
180 1230 34 18 lijo
224 1230 70 19 kernel
310 1231 21 18 of
345 1230 49 19 such
411 1237 12 12 a
442 1233 69 20 comet,

79 1255 45 19 that
134 1256 57 18 thei-o
209 1256 66 19 would
292 1256 48 19 take
355 1256 63 25 place,
434 1256 78 19 instead

79 1282 21 18 of
110 1282 34 18 tho
155 1289 12 17 g
169 1289 10 6 v
181 1284 32 16 eat
223 1282 71 19 cosmic
301 1282 103 19 fireworks
415 1283 20 18 of
444 1282 57 19 shoot-

79 1308 36 24 ing
125 1310 58 21 stars,
195 1308 35 18 the
245 1308 75 19 advent
336 1309 21 18 of
370 1315 11 12 a
390 1308 78 19 siiower
493 1309 20 18 of

79 1336 86 17 meteors
189 1340 26 12 on
234 1336 19 16 to
275 1334 35 19 tho
333 1334 74 19 earths'
427 1336 84 21 surface,

79 1360 65 18 •which
154 1359 67 26 might
232 1366 49 13 even
289 1360 89 25 produce
388 1360 124 19 destruction

79 1392 23 12 or
111 1385 163 25 conflagrations,
292 1387 49 18 such
359 1393 21 12 as
399 1387 57 23 have,
476 1388 36 18 but

77 1418 49 19 very
137 1412 72 24 rarely,
220 1412 85 25 already
315 1413 114 19 sometimes
445 1419 56 13 occur-

77 1438 43 18 red.
157 1438 41 18 But
207 1437 21 19 in
239 1438 26 18 all
276 1439 124 24 probability
411 1439 19 19 in
441 1440 48 18 such
501 1446 11 12 a

74 1470 53 17 •case,
146 1465 34 17 the
199 1464 125 19 destruction
340 1465 22 18 of
376 1465 49 19 such
443 1472 12 12 a
472 1466 30 18 col-

77 1490 60 18 lision
160 1490 67 18 would
245 1494 35 14 not
300 1491 28 24 by
339 1491 32 18 far
379 1491 25 18 be
414 1491 59 25 equal
491 1494 21 16 to

76 1516 45 19 that
136 1516 73 19 caused
227 1516 27 24 l>y
271 1516 34 20 the
321 1517 76 18 violent
414 1517 84 19 thunder-

79 1545 73 16 storms
161 1542 41 19 and
219 1543 117 18 hurricanes
347 1543 65 18 which
431 1543 79 26 happen

79 1575 59 17 every
148 1575 48 18 year
205 1568 4 26 ;
224 1576 22 10 so
255 1568 45 20 that
312 1569 56 18 there
378 1569 17 18 is
405 1569 63 25 really
486 1576 26 12 no

74 1600 61 14 cause
159 1595 32 18 for
213 1594 82 25 general
315 1595 108 24 humanity
445 1599 20 15 to
486 1596 25 18 be

77 1620 159 26 panic-stricken
254 1621 33 18 for
310 1627 59 18 years
387 1620 123 20 beforehand

76 1647 21 19 in
109 1647 50 18 view
169 1647 22 18 of
198 1647 46 18 such
255 1647 77 24 tilings.
361 1647 26 18 At
398 1647 27 19 all
442 1652 68 14 events

76 1673 58 18 there
150 1673 17 18 is
184 1676 34 15 not
237 1673 34 18 tho
289 1673 95 25 slightest
400 1680 72 12 reason
491 1676 20 16 to

74 1698 49 19 Hook
142 1699 87 18 forward
247 1703 20 14 to
282 1699 34 18 tho
332 1706 50 18 year
398 1701 48 17 1899
464 1699 46 20 witli

73 1731 41 13 anv

76 1777 211 21 EARTHQUAKES
312 1777 32 19 IN
369 1777 139 20 ENGLAND.

103 1830 142 24 Commenting
260 1837 25 12 on
308 1830 35 19 the
362 1834 68 15 recent
446 1830 62 19 earth'

74 1856 70 26 quake
166 1857 20 18 in
202 1856 102 27 England,
329 1856 65 19 which
417 1859 93 21 amongst

77 1884 57 17 other
150 1882 70 24 things
241 1883 87 18 resulted
345 1883 20 18 in
388 1882 86 24 damage
490 1885 20 16 to

75 1908 103 19 Hereford
189 1908 109 19 Cathedral
313 1909 34 18 the
358 1908 90 19 Hawkes
465 1908 44 24 Bay

76 1934 80 19 Herald
173 1935 125 23 says:—We
314 1935 22 18 in
354 1934 51 19 New
420 1934 90 19 Zealand

75 1967 35 12 are
127 1967 21 12 so
167 1960 127 19 accustomed
318 1963 21 16 to
360 1960 68 25 gentle
442 1961 56 18 earth-

75 1986 79 25 quakes
163 1987 44 18 that
217 1993 28 11 we
254 1987 59 18 think
327 1987 86 24 nothing
423 1987 21 18 of
455 1987 53 18 them

75 2012 41 19 and
138 2019 37 12 our
195 2012 105 26 buildings
325 2013 62 24 being
414 2012 94 25 specially

75 2038 79 19 erected
163 2042 20 15 to
197 2039 59 18 resist
274 2038 49 20 such
333 2040 79 20 shocks,
424 2039 84 24 damage

75 2064 157 26 isexceptionnl.
261 2065 42 19 But
321 2068 51 16 most
385 2064 72 25 people
475 2071 33 12 are

74 2091 126 18 accustomed
218 2095 20 14 to
255 2091 74 24 regard
347 2092 62 18 Great
430 2090 78 20 Britain

74 2124 22 11 as
107 2117 55 24 quite
173 2117 79 18 outside
263 2117 34 18 the
314 2117 70 24 region
404 2117 21 18 of
451 2117 56 18 earth

73 2143 147 19 ■disturbances.
259 2143 58 22 That,
341 2144 98 21 however,
466 2144 16 18 is
496 2150 12 11 a

74 2169 93 19 mistake.
196 2169 43 19 The
250 2168 44 20 first
304 2176 37 11 one
356 2169 95 19 recorded
467 2176 40 12 was

74 2195 21 19 in
107 2197 54 21 1(189,
174 2195 39 18 and
233 2202 28 11 we
277 2195 51 18 have
345 2202 26 11 no
387 2195 120 25 particulars

74 2223 22 17 of
112 2221 34 19 the
166 2222 85 23 damage
266 2221 58 21 done,
354 2221 64 18 There
436 2228 39 12 was
496 2228 10 11 a

74 2254 68 12 severe
154 2247 78 19 onefelt
243 2247 125 24 throughout
378 2247 35 18 the
423 2251 83 20 country

72 2274 22 18 iu
107 2274 55 22 127-1,
172 2273 34 19 tiie
221 2276 68 16 centre
302 2273 91 21 seeming
409 2277 18 15 to
444 2273 24 19 be
484 2277 21 15 at

75 2300 146 24 Glastonbury,
249 2299 67 18 whose
337 2299 79 19 famous
440 2301 66 23 abbey

74 2332 41 13 was
137 2325 113 25 destroyed.
279 2325 25 18 In
328 2327 48 16 1318
394 2325 54 19 there
466 2332 39 13 was

74 2353 34 18 the
122 2355 89 22 greatest
227 2351 62 18 shock
309 2351 102 23 recorded,
432 2352 73 19 houses

74 2378 62 25 being
162 2377 92 20 knocked
272 2378 59 18 down
350 2377 26 18 all
405 2385 46 11 over
471 2379 33 19 the

73 2405 105 22 kingdom.
207 2404 26 19 In
244 2405 50 17 1580
305 2410 27 13 an
342 2403 126 25 earthquake
484 2405 21 18 in

74 2430 84 19 London
172 2430 107 24 destroyed
295 2434 46 20 part
352 2430 20 18 of
390 2429 27 19 St.
435 2430 69 20 Paul's

74 2456 107 20 Cathcdr.il
192 2456 40 18 and
248 2456 34 18 the
292 2456 82 24 Temple
391 2456 109 19 Ohurolie-.

73 2483 66 23 Slight
149 2482 72 19 shocks
228 2489 51 12 were
287 2482 96 19 recorded
392 2482 19 18 in
420 2483 83 19 London

72 2507 22 20 in
106 2510 54 22 1750,
173 2510 19 17 in
204 2508 100 19 Cornwall
314 2508 20 18 in
348 2510 54 20 1800,
414 2510 20 17 in
443 2510 48 18 Corn-

72 2535 46 18 wall
127 2535 39 18 and
178 2534 70 19 Devon
259 2534 20 19 in
291 2536 56 21 1883,
359 2535 19 17 in
388 2535 84 19 London
483 2536 19 17 in

72 2562 58 23 1884,
141 2561 22 18 in
172 2560 114 19 Yorkshire
296 2560 21 19 in
328 2562 57 22 1885,
404 2562 19 17 in
442 2562 48 19 Hdin-

72 2587 55 25 burg
135 2586 20 19 in
176 2588 56 20 1880,
244 2587 19 18 in
276 2586 68 19 Wales
358 2587 39 18 and
421 2588 82 19 Ireland

72 2614 21 18 in
111 2615 55 20 1800,
184 2613 18 18 in
220 2612 70 19 Wales
307 2613 38 18 and
365 2612 98 21 Cornwall
482 2615 19 18 in

74 2641 54 21 1893,
141 2640 39 18 and
195 2639 20 18 in
234 2639 62 19 South
317 2639 69 19 Wales
406 2640 19 18 in
447 2642 54 17 1891.

72 2666 64 18 There
157 2672 40 12 was
215 2672 11 11 a
251 2672 68 12 severe
344 2665 68 22 shock,
438 2666 63 19 which

71 2692 63 19 broke
150 2691 60 19 much
225 2691 95 24 crockery
343 2691 40 19 and
404 2691 97 27 dani.-iged

71 2724 60 18 many
140 2717 111 22 buildings,
263 2718 20 17 in
299 2718 34 18 the
343 2717 59 19 north
416 2724 47 13 west
481 2720 21 18 of

69 2745 95 24 England
185 2744 19 18 in
221 2743 77 24 March,
326 2745 53 17 1871.
409 2745 40 18 But
468 2746 33 18 the;

70 2774 52 15 most
147 2769 121 19 destructive
292 2770 57 18 earth
380 2773 74 16 tremor
481 2772 19 18 in

72 2797 81 18 modern
171 2796 59 18 times
254 2802 42 12 was
317 2803 24 11 on
359 2797 33 17 tiie
412 2797 53 19 22ul
481 2798 20 18 of

71 2823 64 24 April,
162 2823 56 17 1884.
242 2821 57 19 when
326 2822 34 18 the
386 2821 115 21 Colchester

70 2847 173 26 Congregational
270 2847 80 19 Church
377 2856 42 10 was
442 2850 58 18 much

68 2874 108 24 •damaged,
207 2874 34 18 the
270 2873 125 26 Langenhoe
421 2875 79 19 Church

70 2900 91 20 wrecked
181 2900 40 18 and
238 2899 70 25 injury
324 2901 51 18 doLe
392 2903 22 16 to
429 2901 72 19 houses

68 2926 108 20 estimated
187 2930 20 14 at
218 2926 96 22 £IO,OOO.
343 2927 42 18 One
395 2927 53 18 child
461 2934 40 12 was

69 2953 64 19 killed
144 2955 20 16 at
174 2952 124 25 Rowhedge,
317 2952 41 19 and
373 2959 38 12 one
426 2960 75 13 woman

72 2979 45 19 died
140 2979 52 18 from
215 2978 34 18 the
274 2978 69 19 shock.
385 2979 116 26 Singularly

71 3004 88 26 enough,
171 3007 34 16 tiie
215 3004 60 19 latter
286 3004 81 25 episode
376 3005 17 18 is
408 3006 93 24 repeated

70 3033 22 16 at
112 3030 101 19 Hereford
230 3030 40 19 this
289 3037 54 17 year.
380 3031 21 18 It
420 3032 40 17 will
477 3033 24 17 be

72 3057 59 18 noted
142 3057 44 18 that
196 3056 35 18 the
246 3056 58 19 dates
319 3058 59 23 given
399 3058 54 17 show
468 3058 33 19 the

72 3083 58 18 much
154 3086 80 21 greater
256 3083 110 24 frequency
391 3085 21 16 of
435 3085 56 18 earth-

69 3108 79 26 quakes
159 3109 19 18 in
189 3108 96 23 England
301 3109 21 18 in
338 3109 82 19 modern
437 3110 64 19 times.

70 3135 21 18 It
101 3139 50 14 must
165 3138 40 19 not,
219 3134 99 23 however,
339 3135 23 18 be
380 3136 74 24 hastily
470 3143 22 11 as-

69 3161 71 19 sumed
151 3160 43 19 that
211 3160 34 18 the
258 3164 85 21 country
360 3161 17 18 is
397 3161 105 24 becoming

71 3194 55 12 more
136 3187 77 24 subject
226 3190 19 14 to
263 3187 78 19 seismic
354 3187 147 24 disturbances,

70 3214 32 17 for
112 3213 34 17 the
157 3213 129 23 explanation
303 3213 40 18 will
361 3214 99 24 probably
477 3214 25 19 lie

70 3239 64 19 found
151 3239 19 17 iu
191 3239 34 17 the
244 3246 54 11 more
308 3239 75 19 careful
401 3240 40 18 and
460 3247 33 17 sys-

68 3265 83 19 tematic
160 3265 107 22 recording
277 3265 21 18 of
307 3265 49 18 such
372 3270 129 15 movements.

69 3320 98 19 PLUMP
187 3319 124 20 AGAINST
330 3320 19 19 A
361 3320 47 19 BIG
427 3320 68 19 FACT.

96 3369 21 19 It
127 3369 18 18 is
155 3371 35 16 not
202 3369 94 25 properly
315 3375 39 18 any
365 3372 46 21 part
428 3370 21 18 of
469 3377 33 17 my

70 3396 94 19 business
174 3398 20 15 to
214 3396 80 18 enforce
305 3394 75 20 lessons
397 3395 19 19 in
427 3396 63 19 ethics
499 3394 4 26 ;

71 3421 101 20 therefore
183 3420 10 18 I
211 3420 113 25 commonly
336 3420 56 19 leave
409 3422 45 18 that
471 3429 21 12 re-

72 3447 103 26 sponsib'e
183 3446 44 19 lush
246 3450 19 14 to
285 3447 57 18 tbof-e
362 3447 65 19 whose
446 3454 58 13 voca-<

72 3476 41 16 lion
125 3473 15 18 it
151 3473 22 17 in.
202 3472 39 18 Bui
251 3478 25 12 no
282 3478 47 13 man
336 3479 35 12 can
381 3473 122 26 continually

73 3501 56 17 ■write
141 3506 24 11 (.11
178 3498 34 18 the
223 3497 53 26 Biilgi
283 3501 18 16 ct
313 3498 63 19 which
387 3500 117 19 constitutes

71 3527 36 17 ibe
127 3525 77 18 burden
223 3524 21 18 Of
263 3524 56 18 these
338 3532 68 15 essays
420 3526 85 18 without

71 3558 44 12 now
123 3552 39 16 ami
174 3550 46 19 then
242 3550 91 23 running
341 3550 71 25 plump
425 3552 80 23 against

73 3584 11 12 a
94 3577 79 24 mighty
185 3576 38 18 fact
235 3576 19 18 in
267 3576 78 18 moriils.
375 3575 20 19 If
409 3583 39 18 you
465 3577 39 19 will

72 3604 26 17 be
108 3602 51 26 good
171 3601 80 25 enough
262 3605 20 15 to
294 3602 47 18 read
353 3601 34 20 the
402 3603 103 25 following

72 3630 56 17 short
139 3628 68 18 letters
219 3628 8 18 1
241 3627 40 19 will
301 3628 47 19 then
369 3632 32 20 try
420 3633 20 14 to
450 3629 55 20 show

72 3656 45 22 why
127 3655 11 18 I
151 3661 39 11 v.as
200 3654 72 19 moved
281 3656 19 16 tu
311 3654 61 24 speak
392 3661 22 12 as
423 3654 12 19 I
455 3655 50 19 have

70 3681 90 25 spoken-.

101 3709 11 7 •'
121 3706 34 24 My
166 3706 102 24 daughter
277 3705 67 18 Annie
439 3707 66 19 writes

73 3733 45 19 thai
126 3739 70 18 young
214 3731 58 25 girls
291 3732 84 21 mother,
411 3737 44 14 now
465 3733 39 19 five

73 3765 30 19 yei
111 3765 20 12 rs
150 3758 21 19 of
179 3765 43 17 age,
237 3763 21 12 wi
267 3763 8 11 r
286 3763 9 13 a
305 3756 40 19 fine
354 3756 84 25 healthy
452 3758 53 19 child

74 3791 28 19 up
112 3788 21 15 1o
140 3784 77 23 March,
235 3784 57 23 1891,
303 3782 59 20 when
383 3783 36 18 she
439 3783 66 25 began

73 3816 20 13 id
112 3810 68 19 sicken
192 3810 39 18 and
252 3809 36 19 fall
308 3815 63 16 away.
406 3809 41 18 .She
466 3810 39 18 had

72 3845 26 11 no
108 3836 89 26 appetite
207 3835 39 19 and
259 3839 60 20 every
329 3834 83 25 particle
423 3836 21 17 of
458 3836 47 18 food

71 3864 36 18 (die
119 3862 46 20 look
180 3868 55 12 came
245 3867 34 18 up.
308 3860 40 19 She
359 3860 38 18 lost
414 3862 91 25 strength

73 3888 79 26 inpidly
171 3887 39 20 and
233 3887 69 18 wiihin
323 3893 12 11 a
351 3887 100 24 fortnight
470 3888 35 18 she

72 3921 42 13 was
119 3915 43 18 thin
180 3920 42 11 a-a
239 3913 55 22 rake,
315 3912 61 24 being
394 3916 34 15 not
446 3913 59 19 much

72 3942 98 18 elsellian
185 3939 45 18 (■kin
242 3939 39 18 mid
300 3938 59 18 bone.
394 3937 41 19 For
455 3939 50 24 days

72 3967 40 19 and
122 3967 51 23 days
180 3965 36 18 slie
235 3964 41 18 laid
287 3964 20 18 in
317 3970 13 12 a
348 3963 157 21 half-conscious

72 3993 110 19 condition,
204 3989 88 25 scarcely
309 3989 83 25 moving
411 3990 54 19 hand
483 3996 22 13 or

72 4021 49 17 foot,
141 4018 40 18 and
192 4020 21 15 to
230 4016 25 19 ill
277 4022 124 18 appearance
423 4015 81 20 lifeless.

71 4045 12 19 I
108 4044 40 19 had
164 4050 12 12 a
192 4043 71 18 doctor
279 4042 107 23 attending
411 4041 37 19 her
474 4042 31 19 for

71 4072 48 18 four
135 4069 73 21 -weeks,
220 4068 40 19 and
269 4068 25 18 he
305 4067 42 18 said
358 4067 34 18 the
405 4067 53 18 child
465 4074 40 12 was

71 4097 100 23 suffering
181 4095 51 19 Irom
241 4093 130 25 indigestion,
382 4095 40 23 yet,
434 4099 21 12 so
474 4094 31 18 far

70 4129 23 12 as
103 4129 29 12 we
142 4121 59 20 could
213 4127 39 16 i-ce,
264 4120 32 19 his
307 4121 107 16 treatment
424 4118 39 19 had
479 4125 26 12 no

34 4144 3 27 ■
69 4149 65 20 effect.
172 4148 35 23 My
220 4146 94 20 husband
332 4144 40 20 and
382 4144 17 25 I,
421 4144 39 19 and
478 4144 27 21 all

535 140 1 29 J
541 140 44 18 who
596 146 41 13 saw
648 140 35 18 the
695 146 50 18 poor
755 140 61 25 baby,
832 142 89 25 thought
940 143 36 19 she

540 172 42 12 was
592 165 70 24 slowly
680 165 69 26 dying,
771 167 41 18 and
830 174 30 13 we
879 175 52 13 were
946 169 21 19 al-

540 194 52 16 most
601 191 59 19 heart
677 191 78 19 broken
764 195 21 15 at
795 193 35 19 the
848 195 88 19 thought
956 196 21 18 of

538 216 70 26 losiug
617 217 42 19 her.

591 242 95 25 Nothing
718 242 45 19 that
790 250 30 13 we
853 252 53 18 gave
939 247 37 18 her

539 268 36 19 did
596 268 38 19 her
660 269 35 18 the
723 268 95 25 slightest
846 272 59 24 good,
935 272 41 19 and

539 294 35 19 the
583 294 55 19 child
648 300 41 13 was
698 294 73 24 fading
783 302 64 18 away,
858 297 58 19 when
938 304 37 12 one

539 319 39 25 day
587 320 89 19 towards
686 320 34 18 the
730 320 39 18 end
787 322 21 17 of
813 322 64 25 April,
898 330 12 12 a
928 323 47 25 lady

539 345 70 23 called,
627 345 41 19 and
678 346 53 18 after
747 347 71 25 seeing
835 349 68 20 Annie
922 349 53 20 Jane

538 371 84 19 advised
640 377 24 13 us
682 374 20 16 to
719 378 37 12 use
782 372 81 21 Mother
888 375 87 25 Seigel's

539 399 72 23 Syrup.
649 397 39 20 She
712 397 45 19 said
775 398 37 19 she
837 400 41 19 had
897 402 76 18 known

538 423 35 19 the
581 423 51 19 livos
641 424 21 18 of
679 429 60 18 many
757 423 91 21 children
865 427 63 18 savod
947 427 26 25 by

538 449 42 19 this
595 449 99 19 medicine
711 450 44 18 who
776 456 51 13 were
846 452 59 19 down
924 453 50 19 with

538 475 36 19 the
584 482 55 12 same
649 475 115 24 complaint,
790 478 12 16 1
813 476 82 21 hurried
902 482 20 15 to
940 482 34 22 get

538 506 13 12 a
561 501 64 18 bottle
635 501 53 19 from
698 501 33 18 Mr
745 501 83 25 Routly,
840 504 90 24 chemist,
952 504 21 19 in

538 526 84 19 Susan's
641 526 59 19 Road
718 527 40 18 and
771 526 67 27 began
848 530 17 18 it
874 530 21 18 in
915 530 58 19 small

538 552 65 19 doses.
640 552 26 19 In
685 553 39 18 less
753 552 50 20 than
838 556 135 25 twenty-four

538 578 62 19 hours
610 578 34 19 tho
654 578 55 19 child
721 579 66 24 began
796 584 21 14 to
829 584 39 19 eat,
879 582 35 18 the
923 582 39 18 sick-

538 610 46 13 ness
604 604 92 25 stopped,
717 605 40 18 and
776 610 29 14 we
823 607 59 18 could
900 614 33 12 t-eo
961 615 12 11 a

538 630 78 25 change
629 632 31 17 for
668 630 34 19 the
709 630 72 19 better.
818 631 40 20 We
877 633 50 25 kept
947 640 26 12 on

538 656 72 24 giving
623 657 33 18 the
666 659 73 22 Syrup,
750 656 40 19 aud
804 657 22 19 in
844 662 40 15 two
906 660 67 18 weeks

537 682 68 18 Annie
625 689 40 12 was
675 689 23 11 as
709 682 45 18 well
764 688 22 13 as
807 689 47 14 ever
874 685 41 19 and
931 686 42 18 fast

537 708 81 28 getting
639 708 52 19 back
703 708 37 17 her
758 708 57 19 flesh.
853 711 58 19 Since
928 712 45 18 that

537 734 122 18 time—now
678 735 46 17 four
742 740 59 18 years
818 737 103 23 ago—she
936 738 36 17 has

536 765 63 13 never
618 759 51 19 been
695 759 29 18 ill.
754 760 38 19 We
811 762 92 19 consider
928 763 44 19 that

538 785 82 19 Mother
627 784 87 26 Seigel's
724 787 66 23 Syrup
801 788 62 19 saved
873 788 37 19 her
928 789 42 19 life.

537 811 47 19 You
594 817 37 13 can
648 811 82 25 publish
746 812 41 18 this
802 817 108 16 statement
931 816 40 18 and

537 838 54 18 refer
609 844 79 17 anyone
709 842 20 13 to
748 844 38 12 me.
815 840 94 24 (Signed)
929 841 42 18 Alr.s

537 863 68 19 Annio
634 863 123 23 Alexander,
783 866 32 21 35,
851 866 120 19 Melbourne

537 889 66 23 Road,
615 889 135 22 Eastbourne,
763 890 81 25 August
856 894 30 17 Ist

586 915 38 25 My
637 921 35 13 son
798 917 67 19 writes
883 918 34 19 Mr
935 918 24 19 Jo-

536 941 50 25 soph
594 941 64 23 Bond,
678 941 21 17 of
716 941 82 19 Salter's
818 943 72 24 Green,
912 944 44 24 May-

536 967 53 23 field,
609 969 82 21 Sussex,
745 973 40 13 was
808 975 62 13 never
893 974 76 20 strong.

536 993 34 19 He
581 993 35 19 did
627 995 35 17 not
672 999 56 12 come
738 1000 25 11 on
773 993 42 19 like
830 996 59 18 other
908 996 50 18 child-

536 1026 43 12 ren.
608 1019 33 19 Ho
653 1025 40 12 was
702 1019 63 22 weak,
776 1021 70 24 s.ckly,
858 1022 40 18 aud
917 1028 53 19 puny

536 1045 34 19 He
580 1049 33 15 ato
623 1046 37 18 but
670 1044 58 24 little,
740 1045 39 18 and
796 1053 40 12 was
854 1048 79 24 usually
950 1048 19 19 in

536 1073 48 23 pain
595 1071 52 19 until
663 1071 25 18 he
697 1071 88 19 vomited
803 1077 52 15 most
874 1075 22 17 of
905 1075 16 18 it
942 1080 28 19 up

536 1098 68 25 again.
642 1096 93 25 Nothing
745 1103 52 18 gave
816 1099 42 19 him
869 1101 99 23 strength.

535 1124 26 19 In
588 1124 111 23 February,
728 1124 55 22 1894,
801 1124 31 19 his
864 1125 41 19 feet
929 1126 40 18 and

535 1150 73 19 ankles
627 1150 67 24 began
705 1151 19 16 to
735 1150 67 19 fester.
839 1153 56 18 Next
912 1151 57 19 three

535 1176 104 19 abscesses
649 1174 78 19 formed
742 1181 25 12 on
778 1176 32 18 his
820 1178 50 17 neck
881 1178 40 18 aud
931 1184 29 11 tin-

535 1202 36 19 der
582 1202 34 19 tho
623 1201 54 23 chin,
688 1201 85 24 making
783 1202 49 25 deep
844 1203 63 18 holes,
937 1203 32 19 He

536 1235 40 12 was
587 1227 75 25 merely
674 1226 45 20 skia
734 1227 40 18 and
784 1228 58 19 bone.
870 1230 43 18 The
923 1230 32 18 ac-

535 1261 65 12 cesses
616 1253 80 19 seemed
706 1256 20 15 to
743 1252 25 19 bo
785 1255 124 25 exhausting
938 1256 31 17 his

535 1280 53 19 life's
607 1279 66 19 blood.
711 1278 33 19 He
762 1285 40 13 was
821 1281 20 18 in
857 1288 12 11 a
884 1281 85 19 doctor's

535 1313 44 12 care
588 1307 40 18 five
644 1305 87 22 months,
749 1305 37 19 but
802 1310 36 19 got
855 1313 26 12 no
898 1308 70 18 better.

535 1332 60 19 From
606 1332 48 23 July
665 1332 68 23 (1894)
745 1331 25 18 ho
778 1331 39 19 had
827 1333 45 18 i'our
882 1334 86 18 mouths'

536 1361 108 17 treatment
667 1360 22 16 at
709 1358 34 18 the
769 1357 117 27 Tuubridge
907 1359 62 19 Wells

536 1385 101 24 Hospital,
672 1383 86 19 without
799 1384 43 18 bunt
850 1386 29 17 fit.
926 1386 43 18 The

535 1411 78 19 doctors
622 1416 52 19 gave
686 1409 42 19 him
744 1410 108 18 medicines
862 1411 40 19 and
921 1411 36 19 cod-

535 1437 49 19 liver
606 1438 33 21 oil,
668 1436 37 18 but
714 1435 86 26 nothing
823 1437 145 24 strengthened

535 1463 47 19 him.

587 1489 26 19 lii
623 1488 113 20 December
745 1488 70 25 (1894)
829 1489 12 18 I
860 1490 108 18 concluded

535 1518 20 17 to
570 1516 49 18 take
638 1516 34 18 the
688 1520 45 12 caso
742 1514 42 18 into
795 1522 33 17 my
842 1522 44 12 own
897 1516 70 22 hands,

534 1543 41 17 and
590 1548 53 19 gave
660 1541 43 18 liiui
719 1546 10 12 a
749 1541 97 18 medicine
867 1542 45 18 that
928 1542 40 18 had

534 1569 61 17 cured
604 1574 33 18 my
644 1567 45 19 wife
693 1566 105 18 —Mother
805 1567 84 25 Seigel's
896 1568 71 24 -Syrup.

533 1594 29 18 To
582 1600 36 13 our
634 1591 147 21 astonishment
795 1594 40 17 and
846 1593 79 25 delight
944 1593 24 19 he

535 1620 66 25 began
609 1622 19 16 to
642 1620 91 23 improve
744 1618 20 18 in
771 1624 12 12 a
794 1619 38 19 few
844 1619 56 25 days,
935 1619 33 19 lie

533 1647 59 17 could
604 1649 38 21 eat,
663 1646 41 17 and
724 1651 40 12 was
784 1649 93 20 stronger
895 1646 33 18 for
945 1645 22 19 it.

535 1672 38 18 We
585 1672 49 24 kept
653 1671 71 25 giving
735 1670 41 19 him
789 1672 33 17 the
834 1672 73 24 Syrup,
929 1672 39 18 and

533 1699 26 17 ho
571 1704 55 19 grew
638 1697 66 19 better
714 1703 58 17 every
783 1697 45 24 day.
864 1697 43 19 The
921 1697 47 20 abs«

533 1730 32 13 ces
578 1731 21 12 es
609 1730 49 12 .soon
681 1722 76 19 healed,
771 1723 39 18 and
829 1723 26 19 ho
865 1724 17 18 is
893 1730 43 12 now
957 1731 11 11 a

533 1750 40 19 lino
585 1750 83 24 healthy
688 1749 45 24 boy,
745 1748 46 19 nine
801 1756 58 17 years
878 1750 39 22 old,
929 1751 39 18 and

533 1781 71 20 strong
623 1776 31 19 for
665 1777 33 17 the
709 1772 44 21 first
763 1775 48 18 time
822 1776 54 18 ,-iuco
886 1776 25 18 ho
928 1783 40 12 was

534 1802 57 19 born.
631 1801 87 20 Publish
745 1801 40 19 this
815 1801 60 19 letter
895 1802 16 19 if
927 1809 39 17 you

534 1828 49 19 wish
616 1828 40 19 and
679 1827 54 19 refer
755 1826 101 27 inquirers
879 1830 21 16 to
929 1835 37 12 me.

533 1854 95 26 (Signed)
649 1854 77 24 Joseph
745 1853 64 24 Bond,
830 1854 51 25 July
909 1855 56 23 2Gth,

559 1907 70 23 What,
639 1913 52 16 now,
708 1906 17 18 is
742 1906 34 18 the
791 1905 80 26 mighty
886 1907 42 18 fact
945 1907 21 18 iu

532 1933 88 20 morals?
639 1933 42 18 Ask
698 1932 92 25 yourself
806 1932 34 18 the
864 1933 101 24 question.

532 1960 65 19 What
606 1958 73 26 justice
693 1965 37 12 ivas
741 1958 55 19 there
813 1958 19 18 in
844 1959 33 18 the
894 1960 63 17 suil'er-

532 1987 35 23 ing
583 1987 21 17 of
621 1985 56 19 these
686 1987 39 16 two
743 1984 52 19 littio
808 1984 106 19 children?
927 1984 39 20 For

532 2012 67 19 wiioso
618 2012 48 18 s;iko
689 2017 39 11 was
747 2010 15 18 it
773 2012 8 16 ?
878 2011 26 19 do
932 2011 34 19 the

532 2038 95 25 majority
643 2038 20 17 of
684 2040 33 15 the
737 2037 76 19 human
832 2042 45 14 race
893 2037 32 18 die
945 2037 19 19 in

531 2065 82 23 infancy
623 2063 39 19 and
674 2062 108 20 childhood
792 2062 9 19 ?
820 2062 53 19 That
889 2063 76 19 bundle

531 2091 21 18 of
567 2091 49 18 laws
635 2090 39 18 and
695 2090 64 17 forces
775 2088 64 19 called
871 2093 71 15 nature

531 2117 35 18 lias
581 2124 25 10 no
627 2116 49 25 pity,
696 2122 25 10 no
742 2121 71 18 mercy.
851 2115 56 24 Obey
924 2116 40 18 and

531 2143 38 18 live
580 2141 3 25 ;
607 2142 83 24 disobey
711 2141 39 19 and
761 2141 73 24 perish,
847 2141 62 19 that's
929 2142 35 18 tho

530 2169 64 19 whole
604 2172 61 21 story.

555 2195 56 18 Then
634 2196 45 17 bow
700 2193 47 18 does
766 2193 81 18 Mother
877 2192 86 27 Seigel's

526 2223 68 22 .Syrup
605 2221 62 18 cure?
683 2220 19 19 It
710 2225 57 13 cures
776 2218 28 26 by
814 2218 98 26 bringing
929 2221 34 17 the

526 2247 94 19 ■diseased
641 2247 39 18 and
703 2245 99 25 sufforiug
830 2245 53 24 body
913 2245 49 20 back

529 2273 65 19 where
609 2273 89 19 nature's
710 2270 54 19 hand
774 2277 36 13 can
821 2272 60 18 reach
895 2271 22 19 it.
943 2273 20 18 It

528 2302 46 22 puts
585 2299 34 19 the
630 2297 87 21 derailed
735 2298 60 17 coach
822 2296 50 20 back
883 2304 25 11 on
928 2299 34 18 the

528 2325 78 23 aielals,
630 2326 16 18 it
665 2323 130 21 re-launches
813 2324 35 17 tho
865 2324 96 19 stranded

528 2352 51 24 ship.
609 2351 43 20 The
669 2349 75 20 radical
765 2349 79 18 trouble
872 2350 22 17 of
913 2350 48 19 both

526 2378 67 18 Annie
604 2377 116 19 Alexander
726 2374 40 19 and
772 2374 76 26 Joseph
856 2375 58 19 Bond
922 2383 39 12 wps

527 2404 21 19 of
559 2404 33 18 the
604 2404 106 24 digestion,
723 2402 34 18 tho
767 2400 44 20 first
818 2403 21 22 (a
847 2407 54 14 meie
908 2402 43 25 baby-

527 2430 57 25 then)
597 2430 77 24 having
686 2430 49 17 been
751 2427 65 18 seized
835 2428 48 17 with
903 2433 57 14 acute

527 2456 128 24 indigestion,
670 2455 39 18 and
726 2454 34 18 tho
778 2454 38 23 boy
836 2454 82 23 having,
938 2462 22 11 as

526 2482 31 19 his
568 2482 67 18 father
646 2482 46 18 tells
703 2488 29 14 us,
750 2480 49 18 been
813 2479 47 20 born
881 2480 47 19 with
949 2488 11 11 a

526 2508 64 19 feebl-
602 2508 96 18 stomach.
729 2506 75 22 Hence,
820 2506 19 18 in
858 2506 31 18 his
908 2513 50 16 ca-e,

526 2534 33 19 tho
571 2534 39 19 bad
629 2534 61 18 blood
706 2532 39 20 and
762 2532 33 18 tho
811 2532 102 19 abscesses
934 2533 25 24 by

527 2560 63 19 which
610 2564 72 15 nature
700 2559 75 24 sought
794 2562 21 14 to
833 2565 80 11 remove
936 2560 22 18 it.

526 2586 49 19 Will
585 2588 83 23 parents
680 2585 46 20 take
739 2585 91 22 warning
840 2585 51 17 from
903 2585 56 19 these

525 2613 114 19 instances?
655 2612 10 19 I
672 2612 52 24 haps
737 2617 28 13 so.
794 2610 75 19 Watch
880 2611 34 18 tho
926 2611 24 19 lit-

525 2639 27 18 tle
562 2646 47 11 ones
622 2639 38 18 and
670 2645 34 11 use
714 2636 80 20 Mother
799 2635 88 26 Seigel's
891 2637 67 25 Syrup

526 2665 35 18 win
570 2672 61 11 never
650 2671 40 17 you
710 2670 33 12 see
759 2663 55 18 them
832 2662 88 19 inclined
939 2668 18 13 to

525 2692 61 23 droop
597 2698 22 11 or
630 2690 102 25 languish.

553 2761 59 26 Rijou
632 2760 52 19 local
703 2759 92 19 sketches
815 2759 20 18 in
855 2758 37 19 oils
919 2759 40 18 and

525 2790 61 16 water
596 2787 72 19 colors.
696 2786 49 18 Also
757 2784 94 20 Martin's
857 2784 72 26 photos
939 2785 21 19 of

525 2814 33 18 the
569 2813 78 19 district
659 2818 46 18 may
717 2812 24 19 bo
751 2811 96 19 obtained
858 2813 22 16 at
891 2811 57 19 ditto-

524 2845 59 13 niclk
592 2839 81 19 Office.*

550 2882 43 18 Tlio
604 2881 106 24 following
720 2886 43 13 116W
774 2879 64 19 hooks
845 2885 34 13 are
885 2885 25 13 on
918 2879 41 19 sale

524 2911 20 16 at
569 2907 120 21 Chronicle
709 2906 60 19 Office
779 2913 32 11 :
841 2905 43 18 The
903 2905 56 19 Xlth

739 2933 25 23 by
795 2932 26 19 11.
855 2931 104 23 Sutcliffe;

758 2958 26 24 by
800 2958 35 18 the
849 2957 71 19 autlioi
939 2958 21 18 of

524 2987 82 23 Trilby;
731 2984 62 19 Little

525 3012 40 19 and
649 3010 63 20 Little
857 3009 25 23 by
899 3009 60 18 Ethel

524 3039 92 22 Turner;
707 3036 55 19 Trail
779 3036 19 18 of
816 3036 34 17 the

525 3065 26 25 by
561 3064 81 20 Gilbert
650 3062 83 23 Parker,
746 3064 39 20 &<•.,
798 3062 32 19 &c.

550 3107 19 18 A
579 3106 39 19 few
628 3112 59 18 years
696 3111 40 17 ago
747 3104 32 19 Mr
790 3104 90 18 Herbert
895 3102 52 26 Spen-

525 3139 32 13 cer
567 3132 111 26 published
694 3137 12 13 a
724 3130 57 19 small
800 3129 52 19 book
873 3129 84 19 entitled

547 3159 43 18 Tlie
602 3158 49 18 Man
665 3157 76 19 Versus
758 3156 33 18 the
905 3161 41 13 com-

525 3185 80 26 prising
628 3189 68 19 essays
720 3182 48 19 with
795 3182 34 18 the
854 3180 95 26 following-

699 3208 46 19 New

526 3236 86 24 Coining
804 3233 47 19 Sins
860 3232 21 20 of
887 3232 60 25 Legis-

634 3261 41 19 and
779 3259 63 19 Great
865 3259 94 18 Political

696 3286 25 20 In
736 3286 35 19 the
781 3285 80 25 preface
879 3285 22 18 of
919 3285 40 18 this

526 3315 53 19 book
590 3314 34 19 the
633 3312 105 24 following
748 3317 85 18 rta&sage
849 3316 108 12 occurs:—

528 3344 11 8 •'
548 3341 43 18 The
600 3339 144 21 Westminster
762 3336 82 20 Review
854 3337 31 17 for
892 3336 65 24 April,

528 3368 56 21 18G0,
607 3363 108 21 contained
736 3370 26 12 an
786 3362 68 19 article
875 3362 84 18 entitled

528 3387 4 27 4
541 3393 162 21 Parliamentary
727 3388 84 20 Reform
821 3387 3 27 :
850 3389 34 17 the
903 3387 42 19 Dan-

527 3425 46 17 gers
583 3417 40 19 and
642 3417 36 18 the
696 3414 136 25 Safeguards.'
870 3413 26 20 In
915 3413 44 21 that

527 3445 70 19 article
606 3443 12 19 I
628 3441 99 20 ventured
737 3445 19 14 to
767 3440 77 24 predict
854 3447 54 11 some
926 3446 22 13 re-

527 3470 52 20 sults
588 3469 22 19 of
619 3469 35 18 the
663 3467 90 25 political
761 3467 88 23 changes
857 3466 49 18 then
913 3472 35 18 pro-

527 3496 68 26 posed.
623 3492 97 21 Reduced
736 3495 21 16 to
772 3492 25 19 its
814 3492 92 24 simplest
924 3497 24 13 ex-

528 3522 98 22 pression,
644 3520 35 19 the
696 3519 62 18 thesis
774 3516 125 21 maintained
919 3524 40 11 was

527 3549 52 22 that,
600 3547 70 19 unless
691 3545 39 18 due
753 3544 127 25 precautions
908 3549 51 12 were

528 3574 68 22 taken,
614 3574 90 17 increase
721 3571 21 18 of
765 3570 89 18 freedom
870 3569 20 18 in
907 3568 52 19 form

528 3600 67 20 would
607 3599 25 18 be
639 3596 94 21 followed
744 3596 26 24 by
777 3596 93 18 decrease
878 3595 21 18 of
906 3594 43 19 free-

528 3627 44 18 dom
584 3626 21 18 in
621 3625 47 18 fact.
697 3622 94 25 Nothing
809 3621 38 19 has
865 3620 95 19 occurred

528 3658 20 13 to
558 3652 53 19 alter
620 3651 34 18 the
672 3648 62 19 belief
751 3647 11 20 I
772 3648 49 18 then
840 3647 115 24 expressed.

527 3678 43 19 The
594 3677 50 18 drift
663 3676 21 18 of
705 3674 116 25 legislation
840 3673 54 18 since
915 3673 45 18 that

528 3704 48 19 timo
595 3703 38 18 has
651 3701 52 19 been
721 3701 21 17 of
762 3699 34 19 the
819 3699 51 18 kind
888 3698 61 18 antici-

528 3730 67 24 pated.
624 3727 121 20 Dictatorial
754 3731 109 16 measures,
879 3723 80 26 rapidly

529 3754 122 26 multiplied,
668 3753 53 19 have
737 3751 74 20 tended
834 3749 126 25 continually

528 3784 20 16 to
559 3787 79 13 narrow
651 3779 34 19 the
695 3777 91 19 liberties
795 3777 22 19 of
824 3775 135 23 individuals;

529 3807 38 19 and
576 3807 53 18 have
638 3805 53 19 done
701 3804 42 18 this
759 3803 22 18 in
791 3810 11 11 a
816 3801 73 20 double
908 3807 51 19 way.

527 3832 137 26 Regulations
674 3831 52 18 have
736 3829 51 19 been
797 3828 59 20 made
866 3828 21 18 in
896 3834 48 18 year-

527 3857 126 26 ly-growing
669 3855 102 23 numbers,
782 3854 124 24 restraining
925 3853 34 18 the

529 3885 72 18 citizen
613 3883 20 19 in
645 3881 107 20 directions
762 3880 67 19 where
839 3880 33 18 his
884 3880 76 18 actions

528 3916 51 13 were
588 3907 118 24 previously
723 3906 121 19 unchecked,
854 3905 40 19 and
906 3911 41 12 com-

527 3936 80 25 pelling
623 3933 76 20 actions
716 3931 66 20 which
797 3930 116 26 previously
934 3930 26 18 he

527 3961 67 25 might
618 3959 90 26 perform
727 3965 22 12 or
765 3960 35 16 not
819 3963 21 12 as
856 3957 25 18 he
891 3956 68 30 liked;

527 3988 40 18 and
576 3989 23 17 at
609 3987 35 18 the
654 3989 56 14 same
727 3984 49 18 time
793 3982 83 19 heavier
891 3981 69 25 public

529 4013 94 22 burdens,
644 4008 73 25 chiefly
735 4008 57 24 local,
812 4008 53 19 have
880 4007 80 19 further

527 4038 106 20 restricted
649 4036 33 19 his
698 4035 96 21 freedom,
811 4034 27 23 by
858 4032 102 25 lessening

528 4065 45 18 that
588 4063 81 26 portion
687 4061 20 19 of
725 4061 33 18 his
778 4060 96 23 earnings
889 4058 67 20 which

527 4090 26 19 he
562 4096 38 13 can
611 4087 63 26 spend
685 4093 22 13 as
716 4086 26 19 he
751 4085 84 26 pleases,
851 4083 40 20 and
910 4090 38 18 aug-

528 4116 92 23 menting
630 4114 34 18 the
680 4112 80 25 portion
770 4111 60 19 taken
851 4110 52 18 from
918 4109 42 19 him

528 4145 20 15 to
558 4141 26 19 be
594 4141 60 24 spent
670 4145 22 13 as
709 4137 69 27 public
795 4138 71 24 agents
885 4135 75 26 please.

1093 148 83 26 THE
1195 148 139 26 MAILS.

1029 227 147 19 ROTORUA
1189 227 74 19 POST
1283 227 115 20 OFFICE.

1067 276 68 19 Mails
1143 276 63 19 close
1215 282 27 12 as
1250 275 75 19 under
1333 281 29 13 :

1166 306 100 17 Monday.

997 336 46 19 For
1058 336 126 19 Auckland
1206 336 47 18 and
1269 336 162 19 intermediate

1055 360 83 21 offices,
1149 359 55 19 7.30
1213 364 53 13 a.m.

1017 396 14 8 „
1057 382 31 19 Te
1097 382 71 23 Ngae,
1185 382 30 18 Te
1229 382 66 18 Puke
1310 381 46 19 and
1373 382 58 19 East

1060 405 71 19 Coast
1140 405 84 22 offices,
1235 405 55 19 7.30
1299 409 55 19 p.m.

1163 437 103 17 Tuesday.

997 468 45 18 For
1058 467 125 19 Auckland
1199 467 47 18 and
1267 467 163 19 intermediate

1058 490 84 22 offices,
1150 490 55 19 6.30
1213 496 52 13 a.m.

1015 528 15 8 „,
1056 514 122 23 Tauranga
1190 513 40 19 via
1246 514 30 18 Te
1294 513 66 18 Puke
1376 514 54 18 6.30

1057 542 52 13 a.m.

1018 574 12 8 „
1056 559 169 20 Rotomaß.oad
1231 560 78 22 Camp,
1317 560 54 17 9.30
1377 565 51 14 a.m.

1018 597 12 8 „
1056 583 96 18 Galatea
1161 583 47 17 and
1222 582 135 23 Waiotapu,
1376 583 54 19 7.30

1057 611 53 17 p.m.

1018 643 11 8 „
1056 629 84 22 Taupo,
1158 628 124 22 Atiamuri,

1056 652 47 18 and
1112 652 91 22 Napier,
1215 651 54 19 7.30
1281 656 54 18 p.m.

1140 683 140 18 Wednesday.

995 715 46 18 For
1051 715 124 18 Auckland
1197 715 47 18 and
1266 715 163 19 intermediate

1058 738 83 22 offices,
1152 737 54 20 7.30
1215 743 52 14 a.m.

1149 767 120 17 Thursday.

994 806 45 18 For
1055 805 125 19 Auckland
1197 806 47 18 and
1266 806 162 19 intermediate

1056 829 83 21 offices,
1150 829 55 18 6.30
1213 834 53 14 a.m.

1017 866 12 9 „
1055 852 121 23 Tauranga
1183 852 39 18 via
1229 852 75 23 Oropi,
1314 852 54 19 7.30
1375 859 52 13 a.m.

1016 890 12 7 „
1055 876 30 18 Te
1095 876 71 23 Ngae,
1176 875 32 19 Te
1223 875 71 22 Puke,
1310 877 46 17 and
1371 877 58 18 East

1056 899 71 18 Coast
1136 899 84 21 offices,
1240 898 55 20 7.30
1303 904 53 18 p.m.

1166 931 88 17 FIUDAY.

995 961 46 18 For
1049 962 127 22 Tauranga,
1192 961 39 19 via
1244 962 31 18 Te
1290 961 67 19 Puke
1374 963 55 18 6.30

1056 990 52 13 a.m.

1015 1023 12 8 ~
1052 1008 124 18 Auckland
1198 1007 46 19 and
1266 1008 161 19 intermediate

1054 1031 82 22 offices,
1147 1030 55 20 7.30
1210 1037 52 13 a.m.

1014 1069 13 8 ~
1054 1054 84 26 Taupo,
1159 1054 124 23 Atiamuri,
1302 1055 46 18 and
1364 1055 48 18 Wai-

1054 1077 71 22 rakei,
1136 1077 55 19 7.30
1199 1083 54 18 p.m.

1022 1129 62 17 POST
1097 1129 93 18 OFFICE
1205 1129 189 19 REGULATIONS.

1015 1178 46 18 The
1070 1178 71 18 Office
1150 1178 20 18 is
1180 1183 61 18 open
1250 1179 36 18 for
1295 1179 40 18 the
1346 1179 48 18 sale
1404 1179 25 18 of

991 1203 96 21 stamps,
1098 1200 103 24 delivery
1215 1202 47 17 and
1276 1202 151 23 registration

992 1225 26 18 of
1023 1225 87 21 letters,
1120 1224 89 23 receipt
1225 1225 26 18 of
1263 1225 96 23 parcels,
1378 1225 46 23 &c,

992 1248 59 18 from
1060 1248 15 18 9
1084 1253 51 13 a.m.
1146 1249 25 16 to
1180 1249 15 17 5
1206 1252 54 19 p.m.

1016 1271 44 18 For
1077 1276 86 18 money
1180 1271 68 18 order
1265 1271 47 18 and
1330 1271 96 24 savings

991 1294 63 18 bank
1067 1294 113 22 business,
1197 1295 15 18 9
1227 1299 52 14 a.m.
1297 1296 26 17 to
1340 1296 14 17 4
1371 1300 54 18 p.m.

992 1317 134 25 Saturdays,
1137 1318 15 17 9
1161 1323 52 13 a.m.
1224 1318 25 18 to
1258 1318 16 18 5
1283 1323 54 18 p.m.

1015 1341 44 17 For
1068 1341 121 23 telegraph
1206 1341 115 19 business,
1337 1341 59 18 from
1411 1342 16 18 9

991 1369 51 14 a.m.
1052 1365 25 16 to
1086 1364 15 18 5
1111 1369 53 19 p.m.

1015 1387 97 22 Letters,
1124 1387 75 18 books
1217 1388 46 17 and
1276 1393 150 18 newspapers

991 1411 74 18 canbe
1072 1411 127 22 registered
1206 1411 26 17 to
1239 1416 48 17 any
1295 1413 54 20 part
1355 1413 25 16 of
1386 1411 40 19 the

991 1434 72 18 world
1072 1439 30 13 on
1110 1434 114 22 payment
1234 1438 23 14 oi
1274 1440 15 12 a
1302 1435 36 17 fee
1355 1435 27 17 of
1395 1435 31 18 3d

991 1457 24 18 in
1021 1457 104 18 addition
1132 1458 25 17 to
1161 1458 40 17 the
1208 1457 216 24 ordinarypostage.

1015 1480 45 19 The
1070 1480 71 18 Office
1149 1480 48 18 will
1209 1485 95 18 re-open
1318 1486 31 13 on
1357 1481 56 18 Tues-

991 1504 62 22 days,
1072 1504 134 22 Thursdays
1228 1504 46 18 and
1295 1505 130 22 Saturdays

992 1527 54 23 only
1050 1527 35 18 for
1093 1527 135 18 15ininutes
1237 1527 35 18 for
1279 1527 147 24 thedelivery

991 1551 26 18 of
1030 1550 81 19 letters
1126 1550 60 18 after
1201 1550 40 19 the
1255 1550 56 19 mail
1324 1551 102 23 arriving

991 1575 25 17 at
1025 1574 53 18 4.40
1087 1579 53 18 p.m.
1150 1574 20 18 is
1180 1574 86 18 sorted.

1137 1597 26 18 R.
1178 1597 26 19 D.
1223 1597 131 22 DANSEY,

1248 1621 152 17 Postmaster.

1136 80 60 20 THE
1223 81 59 20 HOT
1310 81 92 21 LAKES
1431 83 171 26 CHRONICLE,
1632 86 160 24 SATURDAY,
1821 90 136 20 JANUARY
1987 93 29 17 IG,
2034 92 48 18 1897

992 1677 42 43 IF
1049 1677 58 19 YOU
1129 1677 56 20 ARE
1208 1677 66 19 SICK
1290 1677 20 19 in
1324 1684 40 18 any
1381 1684 43 19 way

1045 1703 100 20 whatever
1161 1703 49 20 send
1227 1710 13 12 a
1255 1703 93 26 stamped
1365 1710 48 13 enve-

991 1729 45 25 lope
1046 1732 19 17 to
1076 1736 36 12 our
1122 1730 89 24 Agency,
1224 1729 138 27 Wellington;
1373 1733 51 16 state

991 1756 34 17 the
1035 1762 44 12 ease
1089 1763 21 11 :is
1128 1756 98 24 minutely
1236 1763 20 12 as
1276 1756 88 25 possible
1384 1757 40 18 and

990 1788 40 17 you
1046 1782 75 18 receive
1141 1782 69 18 advice
1231 1782 25 25 by
1283 1786 67 14 return
1371 1787 51 19 post.

991 1808 41 17 Our
1042 1813 71 19 agents
1128 1813 34 13 are
1173 1807 28 20 all
1211 1813 28 19 qu
1253 1808 61 19 lined.
1348 1809 20 17 Ji'
1383 1815 39 17 you

991 1833 76 19 enclose
1078 1835 21 17 2s
1116 1834 25 18 (id
1160 1840 28 11 wo
1206 1833 40 20 will
1264 1834 49 18 send
1329 1841 39 16 you
1387 1841 36 12 our

991 1859 43 18 best
1043 1859 81 25 remedy
1135 1859 31 20 for
1176 1859 34 20 the
1227 1867 45 11 case
1291 1859 77 26 lasting
1382 1867 40 18 you

990 1889 38 15 two
1051 1885 71 20 weeks.
1161 1886 43 18 You
1226 1892 47 14 save
1292 1892 72 19 money
1383 1888 39 17 and

990 1911 83 19 doctors'
1086 1912 50 18 bills.
1164 1912 48 19 You
1222 1914 77 17 receive
1317 1912 69 19 advice
1397 1919 24 12 on

989 1937 27 19 all
1027 1938 71 24 points,
1111 1938 39 18 and
1161 1938 34 18 the
1206 1942 69 21 purest
1287 1938 20 19 of
1324 1939 98 18 remedies

990 1969 49 17 sent,
1049 1967 20 15 at
1077 1971 25 11 no
1109 1968 55 14 extra
1173 1968 42 14 cost
1225 1964 49 19 than
1283 1964 15 19 if
1307 1964 114 26 personally

990 1989 82 25 bought,
1082 1989 25 25 by
1117 1990 62 25 doing
1185 1996 52 19 your
1242 1990 92 20 business
1342 1990 47 20 with
1398 1997 24 13 us

990 2015 25 24 by
1025 2019 51 20 post.
1105 2016 84 19 Consult
1203 2019 19 16 at
1232 2024 55 11 (nice.
1321 2017 100 19 Ailments

989 2042 63 18 which
1063 2049 39 15 arc,
1114 2046 21 14 at
1143 2043 33 17 the
1188 2043 48 18 time
1253 2042 89 26 thought
1359 2046 19 15 to
1397 2043 23 19 be

988 2067 58 25 light,
1058 2075 32 11 arc
1101 2069 53 18 often
1166 2069 34 18 the
1212 2068 112 26 beginning
1334 2069 22 19 of
1371 2069 50 19 serU

988 2099 36 13 OUS
1034 2100 151 19 consequences,
1198 2095 65 18 which
1284 2095 15 17 it'
1319 2095 60 19 taken
1399 2095 20 19 in

987 2119 49 19 time
1046 2126 33 12 are
1089 2119 86 20 checked
1187 2120 40 19 and
1235 2121 68 18 cured.

987 2153 167 20 GREATFOKD
1171 2154 159 21 BOTANICAL
1350 2156 67 22 COY.,

1090 2192 148 23 Wellington,
1251 2194 39 17 and
1301 2196 21 16 at

1009 2218 80 22 Sydney,
1100 2218 116 21 Melbourne,
1227 2219 51 23 Cape
1284 2220 63 21 Town,
1358 2220 38 17 and

1107 2243 84 19 Lincoln,
1204 2242 96 20 England.

987 2379 219 24 PIONEER
1249 2381 167 25 STORE.

1062 2424 100 21 Opposite
1179 2423 72 20 Palace
1270 2424 66 19 Hotel.

1023 2514 135 20 OILMEN'S
1175 2514 111 26 STORES,

1065 2553 216 25 IRONMONGERY,

1114 2592 251 25 CROCKERYWARE,

1166 2633 144 26 DRAPERY,
1328 2636 42 22 Ac;
1380 2636 22 19 AC-

1028 2672 74 20 NEW
1115 2674 141 19 SEASON'S
1268 2674 98 19 GOODS

1124 2705 47 20 Just
1182 2709 20 16 to
1213 2706 60 19 hand.

1011 2744 12 14 A
1043 2739 146 20 ivell-ns.sorteH
1207 2741 56 19 stock
1283 2742 19 18 in
1320 2740 25 20 all
1363 2741 51 20 lines

982 2766 21 18 of
1013 2766 33 19 the
1055 2766 61 19 above
1127 2771 20 14 at.
1157 2767 70 19 lowest
1240 2773 71 17 prices.

983 2802 47 18 New
1042 2801 84 19 Zealand
1139 2802 61 25 Dairy
1211 2802 146 19 Association's
1366 2803 34 18 Fac-

1018 2830 44 21 tory
1074 2827 73 20 Butter
1159 2829 52 18 Fresh
1223 2828 57 20 twice
1292 2829 81 24 weekly.

1056 2862 49 19 New
1117 2863 47 18 Laid
1178 2862 59 23 EI'ES,
1249 2864 42 21 &c,
1303 2865 34 17 Ac.

981 3077 82 44 THE
1087 3077 206 22 UNDERSIGNED
1322 3078 51 26 begs
1391 3082 21 16 to

1049 3104 50 18 offer
1108 3104 101 20 NoasEKY
1294 3105 22 18 of
1325 3105 28 18 all
1367 3105 34 18 des-

981 3129 101 25 criptions,
1102 3130 57 18 seeds
1179 3130 40 19 and
1239 3130 160 25 appliances—in-

981 3156 81 24 cluding
1073 3155 49 18 New
1133 3156 89 18 Zealand
1237 3156 67 24 Trees,
1325 3156 84 24 Shrubs,

981 3182 75 21 Plants,
1076 3181 129 24 Tree-Feins,
1222 3182 71 23 Ferns,
1313 3184 39 21 &c.,
1369 3184 40 22 Ac.,

981 3206 76 25 packed
1067 3207 20 19 in
1098 3208 56 18 wood
1167 3208 39 19 and
1221 3214 73 12 canvas
1309 3215 55 12 cases
1380 3210 31 17 for

981 3233 33 18 the
1023 3232 96 24 Colonics,
1133 3234 38 18 and
1183 3234 20 18 in

981 3259 31 18 for
1035 3259 75 18 distant
1133 3260 106 19 countries.
1281 3260 68 19 Medal
1371 3260 41 19 and

984 3283 92 26 Diploma
1086 3285 88 19 received
1186 3285 31 19 for
1228 3286 73 23 plants,
1315 3286 38 23 &c,
1364 3288 48 17 thus

981 3313 44 16 sent
1034 3313 20 15 to
1065 3310 34 19 the
1223 3311 125 23 Exhibition,
1358 3311 41 20 Lon-

981 3336 44 23 don,
1277 3338 21 18 in
1305 3337 106 19 Auckland

1060 3397 36 31 a
1114 3396 41 33 T.
1173 3396 160 37 WEEK,

981 3446 39 16 Mt.
1029 3445 105 18 HOBSON
1140 3445 129 22 NTTRSEEY,
1277 3446 134 22 KEMUERA,

1103 3486 121 21 Auckland,
1236 3485 52 19 N.Z.

1127 3540 147 19 ROTORUA

984 3662 121 42 MESSRS
1126 3662 24 19 F.
1167 3662 144 20 GOODSON
1325 3663 47 18 and
1388 3664 23 19 C.

1034 3685 162 19 GRIFFITHS
1205 3692 39 12 are
1261 3687 113 22 prepared
1387 3688 26 18 to

982 3708 88 19 deliver
1077 3709 25 18 to
1112 3714 47 17 any
1166 3710 54 22 part
1228 3710 26 18 of
1260 3710 41 18 the
1310 3710 71 18 Town

1009 3746 80 23 BEST
1097 3746 192 24 HOUSEHOLD
1298 3747 87 28 COAL,

981 3821 95 25 RATA
1086 3821 21 22 &
1117 3821 102 24 TAWA
1232 3821 179 25 FIREWOOD.

1005 3862 25 17 At
1039 3861 95 18 Lowest
1142 3861 99 19 Current
1250 3861 72 18 Rates
1331 3863 20 16 at
1359 3862 31 18 the

1121 3889 83 19 shortest
1211 3890 69 18 notice.

1006 3951 61 19 Goods
1077 3951 92 18 delivered
1182 3952 45 17 with
1239 3953 118 22 promptness
1366 3953 47 17 after

982 3981 68 17 arrival
1058 3981 20 17 of
1086 3981 64 17 trains.

1014 4019 73 20 Orders
1097 4026 46 18 may
1150 4020 26 18 bo
1186 4019 38 20 left
1232 4021 20 18 at
1263 4020 35 18 the
1308 4019 72 25 Yards,

1020 4055 273 23 PUKUHTUH
1314 4055 65 22 ST.

995 4134 82 18 Agents
1087 4140 39 12 roit
1134 4139 42 13 tiie
1186 4134 52 18 N.Z.
1251 4134 96 18 Express
1357 4134 33 18 Co.

1492 147 144 46 NEW
1657 148 197 49 BOOKS

1455 211 66 40 FOR
1544 212 155 42 HOLIDAY
1719 214 163 42 READING.

1453 324 47 17 Kate
1509 326 85 21 Carnegie
1603 326 35 15 and
1650 326 55 16 Those
1712 327 88 18 Ministers

1669 347 31 16 lan
1711 348 88 17 Maclareu

1453 366 37 16 The
1498 368 47 20 Grey
1552 368 49 19 Man,
1627 381 19 4 ...
1659 368 17 19 S.
1688 369 22 16 K.
1719 370 80 16 Crockett
1810 371 10 14 2

1454 387 112 18 Sentimental
1573 389 73 20 Tommy
1685 390 18 15 J.
1712 390 26 16 M.
1747 391 59 16 Burrie
1818 392 9 14 2

1454 408 70 22 Rodney
1533 409 53 16 Stone
1596 423 17 4 ...
1652 411 23 15 A.
1684 411 59 16 Conan
1751 411 55 21 Doyle
1818 413 10 15 2

1453 429 37 16 The
1496 430 55 16 Green
1559 431 44 15 Man
1668 431 18 16 S.
1696 432 22 16 R.
1728 432 79 17 Crockett
1820 434 9 14 2

1453 450 38 17 The
1499 451 77 16 Sealskin
1585 451 61 21 Cloak,
1688 453 111 17 Boldrewood
1813 455 9 14 2

1455 471 37 16 The
1500 472 64 21 Lights
1571 473 18 15 of
1597 472 70 22 Sydney
1702 474 21 15 L.
1733 474 66 16 Turner
1811 476 9 15 2

1453 492 54 16 What
1515 495 54 14 (Jheer
1669 495 51 15 Clark
1728 496 69 15 Russell
1809 498 9 14 2

1454 513 27 15 Sir
1490 514 67 21 George
1566 515 92 21 Tressady,
1667 515 37 16 Mrs
1712 515 25 17 H.
1745 516 54 17 Ward
1811 518 9 14 2

1453 534 36 16 The
1505 535 83 20 Martian,
1603 541 10 10 a
1628 541 39 11 new
1681 537 50 15 novel
1745 538 23 19 by
1782 538 29 15 Du

1496 556 81 20 Maurier,
1599 557 63 16 author
1677 558 18 15 of
1712 558 93 22 ■•Trilby"'
1820 561 8 13 2

1453 576 70 16 Cameos
1679 578 56 17 Marie
1744 580 62 15 Corelli
1818 582 9 13 2

1453 597 36 16 The
1505 598 71 22 Mighty
1591 599 52 15 Atom
1739 613 12 7 ~
1817 602 12 14 2

1452 618 36 16 The
1496 619 75 16 Sorrows
1581 620 18 15 of
1607 620 11 15 S
1624 623 36 12 itan
1740 634 11 7 ~
1819 623 9 15 2

1452 639 112 19 Birabbas...
1611 654 18 3 ...
1740 655 11 6 ~
1818 644 11 14 2

1453 660 85 17 Vendetta
1685 663 55 16 Marie
1747 664 61 16 Corelli
1820 665 8 14 2

1453 681 70 17 Thelca
1741 696 10 8 „
1819 687 10 14 2

1452 703 67 16 Ardath
1587 718 16 3 ...
1818 708 10 14 2

1452 724 36 16 The
1496 725 40 15 Soul
1545 725 18 15 of
1572 726 56 16 Lilith
1646 739 17 4 ...
1739 739 11 7 „
1818 728 9 15 2

1454 745 108 16 Wormwood
1580 761 17 3 ...
1645 761 18 3 ...
1739 760 11 7 ~
1818 750 9 14 2

1452 766 65 16 Behind
1526 768 30 15 the
1564 768 59 21 Magic
1631 768 63 15 Mirror
1746 769 60 16 Birrell
1819 773 8 12 J

1451 787 275 21 TheEleveuthCommandment,
1733 790 78 16 S'ltcliJTe
1820 793 5 13 I

1452 809 15 15 A
1473 809 63 16 Victim
1542 809 18 16 of
1566 810 47 15 Good
1620 810 54 18 Lu-k,
1684 810 20 16 W
1717 811 88 18 E.Norris
1817 813 8 14 2

1451 829 37 17 The
1498 830 52 16 Wood
1556 832 72 20 Beyond
1633 832 30 16 the
1744 832 62 17 Morris
1818 835 9 13 2

1452 853 68 17 Among
1529 852 4 18 t
1537 852 9 15 l,
1549 858 8 9 fc
1566 852 63 17 Freaka
1681 853 27 16 W.
1718 853 21 16 }..
1749 854 55 15 Alden
1818 856 9 13 2

1452 871 61 20 Out,of
1517 872 40 17 Due
1563 872 62 17 Season
1642 874 73 16 Adeline
1722 874 82 17 Sirireant
1818 877 9 14 2

1451 893 98 17 Truwitioii
1573 907 18 4 ...
1639 909 18 3 ...
1677 895 17 16 G
1708 896 22 16 P.
1740 896 65 16 l!io„ke
1818 898 9 14 2

1451 914 36 16 The
1490 914 53 17 Years
1552 916 37 15 that
1595 916 28 15 the
1632 916 62 16 LopU<t
1702 917 43 16 hath
1756 921 53 12 raten

1596 938 57 14 .Annie
1662 938 21 15 E.
1693 938 111 17 Holdsworth
1818 941 9 14 2

1453 957 49 15 1.-bm
1512 957 54 16 Ivritel
1582 957 16 22 (a
1607 958 54 17 South
1672 960 70 15 African
1752 959 11 16 S
1773 962 36 18 orv)

1662 980 19 16 G.
1688 986 40 15 orge
1738 981 68 16 Cos-ina

1451 999 28 16 Mr
1490 999 55 19 Bailey
1556 1000 64 16 Martin
1641 1015 18 3 ...
1686 1002 51 16 I'.-icy
1748 1002 57 16 Wliite
1818 1004 8 14 2

1453 1023 11 12 A
1477 1020 56 17 H..me
1540 1022 17 15 in
1568 1022 80 15 lnveresk
1689 1022 14 15 T
1721 1023 19 16 L.
1752 1023 52 16 f.tou
1818 1029 8 10 .'

1450 1041 100 17 Tin-Green
1559 1043 66 16 Groves
1639 1044 19 14 .f
1672 1044 14 14 V.
1692 1045 77 14 .ij..»iie

1655 1065 17 16 J.
1683 1065 24 16 JI.
1717 1066 88 16 Findhuer
1817 1068 8 14 2

1451 1084 25 16 Dr
1484 1084 113 19 rongahon's
1608 1086 64 16 Leiram
1686 1086 23 16 H.
1719 1087 85 16 Joln,st«u
1817 1089 8 14 2

1451 1107 35 14 The
1495 1106 48 16 Kuiir
1552 1108 17 14 i.f
1580 1108 90 15 Ai..l.im.tii
1734 1109 69 15 Cut.h.u
1817 1111 8 13 2

1451 1130 15 13 A
1476 1128 40 14 M.n
1525 1128 18 14 ..f
1552 1128 28 15 the
1590 1128 61 21 Fjords
1767 1130 39 15 0,-ir

1451 1149 40 16 Ulesr
1500 1149 52 15 K-ltv
1578 1163 17 3 ...
1667 1145 52 21 -S.'lt.
1726 1150 13 13 C
1740 1156 8 10 r
1749 1145 3 22 ,
1755 1157 13 9 v
1769 1151 15 15 U,
1790 1155 15 12 it
1818 1152 8 14 2

1450 1170 48 17 L.idv
1507 1170 134 21 Vat's!•:.,,peine
1656 1172 23 14 -.1
1700 1172 78 15 !J.,-k.-«h
1785 1170 2 21 i
1796 1179 8 10 e
1817 1176 8 11 2

1450 1192 36 14 The
1494 1192 93 21 Expiation
1597 1196 15 12 ol
1623 1192 56 21 Wyun
1691 1192 12 16 1*
1717 1194 46 14 11.-er

1703 1214 20 16 B.
1734 1214 50 16 Mitfo
1795 1215 9 15 d
1818 1217 8 13 2

1451 1236 14 13 A
1475 1234 77 16 Humble
1560 1234 105 21 Enterprise.
1676 1236 17 14 <V.
1702 1236 102 16 Uami«-idsfe
1817 1238 9 13 2

1449 1255 36 15 The
1496 1256 85 16 Beautiful
1591 1256 59 16 White
1660 1257 56 17 Devil,
1726 1257 78 21 Booihby
1817 1258 9 14 2

1451 1276 54 16 ABU
1515 1277 27 16 for
1549 1277 78 16 Fortune
1758 1291 11 7 ~
1794 1275 5 3 '
1815 1281 10 13 2

1450 1298 19 14 In
1479 1298 74 16 .St.iiiiLe
1562 1298 88 21 Com|iany
1758 1312 12 7 ~
1817 1302 8 14 2

1449 1319 36 15 The
1496 1319 86 19 Marriige
1590 1321 18 14 ot
1618 1320 63 16 Esther
1759 1333 12 5 ~
1817 1322 8 15 2

1449 1340 36 15 The
1493 1340 80 17 Tioinletl
1585 1341 96 15 Di--.iiii.iids
1705 1341 26 16 St.
1742 1342 61 21 Aul.yn

1450 1361 19 16 In
1477 1361 57 17 Haste
1540 1363 34 15 ami
1579 1367 18 11 at
1601 1362 72 16 Leisure
1681 1363 14 15 E
1712 1363 14 15 L
1741 1363 62 17 Liaum
1817 1365 9 14 2

1454 1382 31 16 Ilia
1495 1383 64 16 Master
1695 1384 15 16 1.
1720 1384 84 19 Zangwill

1451 1404 14 16 A
1472 1404 110 16 ftomauoeof
1585 1405 42 15 Two
1633 1405 67 16 Worlds
1712 1405 23 17 M.
1742 1406 61 16 Corelli
1816 1407 9 15 2

1449 1424 45 17 Ju.ie
1503 1425 29 16 the
1542 1426 75 16 Obscure
1658 1427 75 15 Thomas
1742 1426 59 22 Hardy
1817 1430 7 13 2

1450 1446 19 16 In
1480 1446 29 15 the
1519 1446 47 22 Day*
1574 1448 18 14 of
1601 1448 93 16 Adversity
1734 1448 64 16 Buttou

1449 1468 9 13 'I
1465 1467 20 16 he
1494 1467 56 16 Heart
1559 1469 17 15 of
1586 1469 28 15 the
1627 1464 61 20 World'
1717 1469 86 20 Haggard
1816 1471 8 14 2

1449 1489 35 15 The
1493 1490 92 20 Courtship
1592 1490 20 15 of
1622 1491 63 14 .Mo.ice
1693 1490 15 15 B
1716 1491 52 15 tukler

1712 1513 20 15 A.
1743 1511 59 17 Mason
1816 1514 9 14 2

1449 1531 37 17 Toe
1492 1530 58 22 Xiight
1559 1532 38 16 that
1604 1531 59 17 Failed
1717 1533 87 21 BT.ippling
1820 1536 5 8 >

1507 1559 39 16 Add
1555 1558 80 22 Postage,
1646 1559 19 16 2d
1676 1560 17 15 in
1703 1560 28 15 the
1739 1560 83 20 Shilling.

1484 1607 83 18 OIIDERS
1580 1611 36 14 FOJI
1630 1612 67 13 ABOVE
1713 1612 100 14 RECEIVED
1829 1607 1 19 ;

1538 1631 152 17 rjHKOXICLE
1703 1632 79 17 Ui'ricK.

1453 1697 45 45 R.
1542 1697 339 52 SPRECKLEY,

1549 1754 52 17 Next
1610 1754 32 17 the
1658 1754 45 18 Post
1716 1754 63 21 Office,

1447 1784 237 24 SHORTLAND-ST,
1698 1785 183 20 AUCKLAND.

1492 1817 80 22 Agent
1578 1817 36 17 for
1620 1817 94 17 Gordon
1721 1817 21 18 &
1750 1817 82 19 Gotch.

1446 1911 205 40 SOMETHING
1684 1911 44 40 TO
1763 1912 116 40 READ!

1447 2044 240 56 Supplied
1711 2045 137 56 Regit

1519 2142 130 46 larlv
1670 2142 129 45 from

1516 2406 277 39 OFFICe,

1489 2472 194 32 Canterbury
1714 2473 108 29 Times,

1484 2514 220 25 Christchurch
1734 2514 93 31 Press,

1496 2555 72 25 New
1582 2555 135 25 Zealand
1741 2555 74 31 Mail,

1529 2597 110 32 Family
1655 2597 127 30 Reader,

1455 2638 106 32 Young
1583 2638 116 26 Ladies'
1721 2639 134 31 Journal,

1506 2680 90 25 Black
1621 2680 61 24 and
1697 2679 106 31 White,

1439 2721 171 25 Illustrated
1634 2720 123 26 London
1776 2721 95 31 News,

1436 2762 63 25 The
1518 2762 117 30 Album,
1670 2762 63 25 The
1747 2762 123 31 Sketch,

1514 2804 123 32 Sydney
1657 2803 134 31 Bulletin,

1687 2845 74 29 Mail,

1492 2886 90 25 Town
1597 2887 60 24 and
1695 2888 118 31 ountry,

1543 2928 220 30 Australasian,

1591 2969 133 30 Referee,

1435 3011 230 32 Cosmopolitan
1702 3010 167 33 Magazine,

1536 3052 113 25 Strand
1755 3072 14 10 „

1513 3093 141 25 Windsor
1755 3113 14 10 „

1514 3135 140 31 Ludgate
1755 3154 13 11 „

1489 3176 117 25 Review
1626 3176 34 25 of
1679 3175 139 31 Reviews,

1501 3217 127 26 Woman
1647 3218 33 25 at
1698 3217 104 31 Home,

1435 3258 150 26 Weldon's
1598 3258 128 25 Fashion
1742 3258 125 26 Journal

1468 3300 129 24 Schild's
1612 3299 129 25 Fashion
1789 3320 13 10 „

1480 3340 181 32 Something
1682 3342 34 23 to
1733 3340 91 31 Read,

1435 3382 183 32 Snapshots,
1641 3382 147 30 Answers,
1809 3382 45 25 Tit-

1515 3424 66 29 bits,
1596 3424 123 31 Scraps,
1741 3423 51 25 &c.

1435 3465 65 25 And
1515 3465 37 25 all
1569 3465 98 25 Home
1684 3465 61 25 and
1759 3464 91 26 Colon-

1453 3506 35 25 ial
1505 3506 113 32 Papers
1632 3506 23 24 &
1668 3505 183 32 Magazines.

1602 3634 101 23 THe

1437 3686 246 42 MASTERPIECE
1702 3686 163 40 LIBRARY.

1435 3759 143 33 Popular
1590 3758 130 31 Novels,

1469 3820 65 25 The
1548 3819 115 32 Penny
1676 3819 106 31 Poets,

1503 3882 110 25 Books
1623 3881 51 26 for
1679 3881 54 26 the
1744 3881 125 26 Bairns,

1438 4011 204 46 JJewnes'
1674 4012 195 44 Famous

1578 4105 162 45 Books.

1003 4226 98 40 Ask
1129 4227 72 39 for
1230 4226 265 41 Hancock's
1529 4227 276 39 Celebrated
1836 4220 187 44 XXXX
2048 4218 110 39 Ales
2185 4218 94 38 and
2305 4216 147 39 Stout.

2141 238 91 20 Tourists
2242 240 40 19 and
2294 241 91 20 Invalids
2394 244 85 24 visitisg
2489 244 34 19 the
2533 245 138 20 Wonderland
2681 247 21 19 of
2710 247 51 19 New
2771 248 91 20 Zealand
2870 250 40 19 will
2917 251 40 20 find
2966 253 35 18 the

2094 276 21 72 C
2137 276 21 72 4
2180 276 64 72 ID)
2291 282 33 36 A
2366 285 66 42 M
2463 285 65 45 FY,
2618 287 68 43 W
2857 292 28 30 I
2885 292 58 30 TO
2971 295 30 28 Tr

2108 315 56 40 j[.
2185 306 66 53 xi
2274 315 66 42 a
2368 312 58 47 ini
2455 306 73 53 JJ
2619 306 158 59 nU
2816 322 32 41 i
2888 323 59 42 a
2973 323 72 54 ju,

2075 449 17 1 -
2095 449 12 8 D
2110 435 40 22 ant,
2162 435 131 19 comfortable
2301 436 41 19 and
2351 436 44 20 best
2406 443 52 19 app„
2460 449 19 7 lu
2533 449 109 8 ~„,>.,:.„„.
2731 449 42 10 ~,.,,
2794 449 94 12 ~,,.;;„„,.
2910 450 9 11 ,-
2945 449 56 16 ;„.,„,,.
3020 449 69 22 ~,,:,.■..
3107 449 118 17 -„•..,:■.h,,,,-

1934 482 58 11 rprr-p
2005 482 87 11 TTnTi-pT
2116 464 4 29 •
2376 469 25 13 W1
2412 464 12 29 ■
2435 466 7 15 t
2479 467 52 15 most
2546 470 37 13 moi
2583 464 9 19 l
2594 471 34 12 ern
2642 466 146 19 conveniences.

1937 484 55 17 IKE
2006 484 91 17 HOIEL
2115 490 17 12 is
2150 491 21 12 in
2190 485 35 19 the
2244 486 115 20 immediate
2374 488 169 25 neighbourhood
2561 490 21 18 of
2599 490 35 19 the
2651 490 73 23 Priest,
2743 491 83 25 Rachel,
2846 492 120 23 Postmaster
2989 497 38 18 and
3042 498 55 19 other
3112 500 60 18 baths
3196 499 35 19 tho

1908 510 90 17 curative
2007 511 112 22 properties
2129 509 20 20 of
2159 510 66 19 which
2241 518 34 12 are
2290 513 147 19 world-fained.
2465 514 56 19 Bath
2531 515 66 19 chairs
2608 516 40 18 and
2657 516 116 20 attendants
2783 524 35 12 are
2827 519 95 24 provided
2933 524 19 15 to
2964 528 73 17 convey
3052 523 85 21 invalids
3151 527 22 17 to
3191 523 40 21 and

1908 534 53 18 from
1969 533 37 19 the
2014 539 82 13 various
2105 534 143 22 bath-hoases.
2275 537 44 19 The
2329 538 106 19 bedrooms
2445 540 41 18 and
2503 541 87 24 retiring
2612 548 66 12 rooms
2698 548 32 12 are
2749 543 58 19 fitted
2825 544 48 18 with
2900 547 73 23 special
2985 549 72 23 regard
3070 552 19 16 to
3102 551 34 18 the
3152 531 79 41 require

1909 562 65 15 ments
1984 559 22 18 of
2014 562 69 21 guests
2093 566 21 11 in
2124 562 70 18 search
2203 563 21 17 of
2234 563 91 19 renowed
2335 565 98 23 strength.
3008 558 11 15 B
3152 558 79 18 lequiro

1934 584 44 19 The
1990 584 63 19 Baths
2063 588 21 15 at
2094 585 35 18 the
2136 586 130 21 Sanatorium
2277 589 51 18 have
2340 590 97 19 attracted
2447 597 61 17 many
2517 591 81 20 visitors
2618 593 21 17 of
2657 592 40 18 late
2717 599 70 19 years;
2813 599 92 21 amongst
2920 597 56 20 those
2989 599 41 18 who
3039 600 51 19 have
3101 602 62 18 found
3173 601 58 20 relief

1909 610 32 19 boi
1951 610 34 18 tho
1995 610 144 25 convalescent,
2150 619 92 17 nervous,
2253 614 118 23 rheumatic,
2383 616 39 18 and
2433 616 100 25 sleepless.

1935 635 92 20 Rotorua
2035 635 19 19 is
2061 635 36 20 the
2115 640 67 16 centre
2201 639 52 18 from
2272 640 63 18 which
2355 640 28 19 all
2402 642 68 23 points
2481 642 21 18 of
2510 643 84 19 interest
2603 643 22 18 in
2641 643 34 18 tho
2685 643 93 20 Thermal
2789 645 84 26 Springs
2889 648 81 20 District
2986 656 44 17 may
3046 651 24 18 ho
3084 652 82 19 reached
3192 652 39 19 and

1908 661 74 26 special
1992 661 95 19 facilities
2097 669 33 12 are
2140 664 97 23 provided
2247 665 31 18 for
2285 666 57 17 those
2350 673 21 11 iu
2381 667 69 18 search
2460 668 21 18 of
2489 668 33 18 the
2533 668 100 19 beautiful
2645 669 39 18 and
2698 670 126 20 marvellous.

2002 691 181 21 MAGNIFICENT
2196 696 175 18 APARTMENTS.
2500 699 85 18 LOFTY
2597 700 143 18 BEDROOMS.
2856 704 112 19 PERFECT
2983 706 150 20 SANITATION

2053 717 25 18 In
2089 717 56 19 short
2154 724 14 12 a
2176 723 125 15 first-class
2314 719 172 21 Establishment
2495 722 87 25 offering
2590 723 60 24 equal
2659 723 93 20 comforts
2761 726 21 17 to
2792 725 34 19 the
2836 726 43 19 best
2893 728 63 18 hotels
2965 729 20 19 in
2995 730 82 22 Europe.

2573 755 10 12 o

2149 769 87 23 Suites
2252 770 29 23 of
2291 770 168 30 Apartments
2469 773 67 22 with
2546 774 97 28 special
2656 776 153 22 attendance
2823 777 39 23 for
2877 777 125 25 Families-

1909 797 98 30 Spacious
2018 801 126 20 Promenade
2154 803 113 24 Balconies,
2277 804 57 26 Snug
2345 805 90 24 Alcoves,
2446 807 40 18 and
2502 807 126 24 luxuriously
2644 809 108 24 appointed
2762 810 101 27 Drawing,
2883 812 69 23 Music,
2969 814 138 20 Conversation
3130 816 101 22 Reading,

2360 831 98 26 Smoking
2467 833 39 18 and
2519 833 83 19 Billiard
2613 834 80 18 Booms.
2722 834 68 20 Baths,

2146 865 36 21 grr
2198 863 116 19 SPECIAL
2329 864 158 21 ATTENTION
2501 867 67 18 PAID
2582 868 33 19 TO
2629 867 116 20 CUISINE
2759 870 59 18 AND
2832 870 121 22 SERVICE.
2968 875 33 21 43

1935 893 34 19 All
1980 894 178 20 communications
2170 894 27 25 by
2207 894 60 19 letter
2278 893 3 31 1
2290 903 10 11 r
2310 896 97 23 telegram
2417 897 41 19 will
2467 899 77 18 receive
2553 901 80 23 prompt
2642 900 104 18 attention.

2379 1006 58 24 (Late
2448 1009 20 17 of
2477 1007 114 19 Gi'osvenor
2601 1007 67 23 Hotel,
2681 1007 94 26 Sydney.)

1894 1061 25 101 |j
1959 1079 338 60 Hydropathic
2319 1089 158 58 Hotel,
2513 1095 263 53 Wairakei.

1893 1164 3 39 .
2122 1164 34 19 Six
2169 1166 57 20 miles
2235 1167 52 20 from
2297 1169 57 20 Lake
2363 1171 70 27 Taupo
2444 1173 101 26 (Rotorua
2554 1178 59 25 side.)

2101 1225 181 31 SUPERIOR
2303 1232 332 36 ACCOMMODATION.

2124 1284 51 17 -ALL
2187 1286 53 17 THE
2253 1270 178 39 COMFORT^OF
2444 1293 16 17 A
2472 1294 77 18 HOME
2562 1296 49 19 FOE

2170 1320 147 21 TOUEISTS
2333 1324 65 19 AND
2411 1327 154 23 INVALIDS.

1892 1406 8 9 ,
1924 1385 64 26 Hot
2014 1387 188 36 Swimming
2223 1393 110 33 Batlis,
2359 1397 184 30 Kiri-o-Kai
2565 1410 34 19 or
2626 1406 77 26 New
2728 1409 71 26 Skir

1999 1428 92 32 Bath,
2104 1430 65 26 Hot
2183 1433 129 27 Douolie
2326 1437 110 33 Batlis,
2458 1441 110 28 Grand
2590 1446 133 27 Climate

2040 1470 170 28 Elevation
2232 1476 91 31 1,350
2342 1477 63 28 feet
2418 1482 101 26 above
2532 1490 54 21 sea
2599 1487 90 26 level.

1892 1520 8 33 Ji
1924 1516 196 27 COTCTETENT
2133 1521 123 27 GUIDES
2272 1532 121 20 nccompanv
2409 1531 82 20 tourists
2508 1536 20 16 to
2545 1534 34 19 the
2601 1537 79 20 various
2702 1540 66 24 places
2786 1548 10 12 o

2052 1548 169 46 rit:
2230 1550 343 33 baffletliemostwe^Md
2590 1567 36 14 ~>
2645 1545 68 44 om/
2714 1564 8 21 b
2723 1545 65 42 ria

1893 1630 5 17 1
1922 1634 65 22 Ge
1989 1636 140 44 T.S^
2138 1640 68 23 VK
2211 1642 27 38 V
2243 1643 10 21 I
2253 1628 217 52 r^^«"^"^'
2473 1656 18 11 10
2510 1650 20 19 fo
2531 1650 82 27 »°™S
2761 1637 29 43 Nj

1892 1676 6 33 !
1999 1686 62 21 Great
2071 1688 106 21 W,rarei
2645 1660 110 47 cSldrou;
2770 1673 20 30 ttf

1999 1691 17 16 to
2029 1691 32 16 cat
2074 1691 103 19 Wairakei
2185 1691 91 27 Geyser;
2289 1696 35 18 the
2334 1696 86 27 Donkey
2430 1699 92 28 Engine;
2536 1703 35 18 the
2582 1704 52 19 Bath
2646 1705 19 19 of
2676 1707 33 18 the
2720 1708 29 19 Fa
2758 1710 29 17 He

2009 1714 3 40 I
2022 1720 10 13 e
2051 1714 115 26 Liffhtninfl.
2181 1719 63 23 Tool;
2259 1720 34 20 the
2310 1722 88 20 Cascade
2414 1724 82 26 Geyser,
2515 1735 22 12 or
2555 1729 101 25 Dragon's
2674 1732 70 21 Mouth

1997 1740 64 19 Blade
2070 1741 89 26 Gwaep;
2176 1745 34 17 the
2223 1745 51 19 Mud
2286 1748 87 24 Geyser;
2388 1750 34 19 the
2441 1752 52 19 Blue
2511 1754 68 24 Lake;
2591 1757 34 17 the
2642 1757 32 19 Oil
2692 1757 30 21 Ba
2724 1740 32 39 £•

1997 1764 64 27 Eagle
2069 1773 9 12 a
2088 1761 60 45 Nest;
2163 1769 34 19 the
2205 1771 77 20 Devil's
2290 1773 70 20 Punch
2369 1761 69 45 Bowl;
2455 1778 33 19 the
2498 1778 72 23 Prince
2578 1781 21 20 of
2608 1781 75 21 Wales'
2692 1761 88 45 Father

1950 1787 2 55 ,
1995 1792 36 26 .11...
2283 1799 88 25 Geyser:
2385 1787 216 55 the^CoralJJeyser;
2618 1809 33 18 the
2662 1787 125 45 GreenPoi

2181 1842 135 21 LKKE
2345 1831 172 34 THUPd
2618 1831 3 34 '
2631 1835 17 11 n
2651 1835 26 11 "'"
2678 1836 5 6 l
2699 1831 3 34 '

1929 1977 91 19 Situated
2031 1984 25 11 on
2067 1977 33 18 tho
2111 1978 54 18 main
2175 1978 59 19 ro.ids
2243 1981 20 16 to
2277 1980 11 16 >
2296 1979 56 25 apier
2362 1979 39 18 and
2418 1979 97 19 Tokaanu
2526 1978 40 20 and
2576 1978 69 19 within
2657 1980 38 17 two
2706 1978 56 19 miles

2237 2004 31 19 She
2278 2004 69 26 Taupo
2362 2005 48 18 Post
2420 2005 67 19 OfHee.

2167 2039 355 47 theh'o'um

1901 2090 61 17 which
1978 2090 15 17 is
2003 2090 117 22 approached
2129 2091 25 23 by
2163 2096 8 12 n
2183 2092 66 22 gently
2258 2092 71 22 graded
2338 2092 45 18 road
2391 2092 15 18 is
2416 2092 80 18 situated
2507 2093 19 17 at
2535 2097 23 12 an
2573 2091 79 17 altitude!
2666 2091 19 17 of
2700 2092 33 16 2-10
2750 2092 37 16 feet

1900 2114 59 16 above
1969 2113 52 17 Lake
2029 2114 64 21 Taupo
2102 2119 22 12 or
2134 2115 51 20 1,500
2195 2115 38 16 feet
2241 2115 59 18 above
2308 2121 32 11 sea
2348 2115 46 17 level
2404 2115 37 17 and
2451 2115 108 18 commands
2576 2121 11 11 a
2603 2114 121 22 magnificent
2740 2114 47 17 view

1900 2137 20 17 of
1928 2136 32 17 the
1969 2137 118 22 picturesgue
2096 2138 80 21 country
2185 2137 127 24 surrounding
2322 2138 30 17 the
2362 2139 33 16 200
2405 2143 65 19 square
2481 2138 52 18 miles
2543 2138 19 17 of
2570 2138 32 17 the
2610 2136 52 18 Lake
2676 2137 62 22 Basin,
2749 2138 37 16 and

1900 2160 32 20 the
1941 2160 59 17 active
2010 2160 97 17 volcanoes
2115 2159 104 24 Tongariro
2228 2161 37 17 and
2275 2161 108 23 Ngarulioe.

2157 2178 2 35 '
2181 2189 41 23 AS
2238 2190 23 22 A
2277 2190 219 23 SANATORIUM

1899 2220 32 17 the
1947 2219 52 22 place
2007 2220 16 17 is
2032 2220 130 22 unsurpassed.
2188 2220 75 18 Besides
2273 2220 31 18 tho
2313 2222 49 16 clear
2370 2222 36 16 and
2415 2221 79 23 bracing
2503 2221 117 21 atmosphere
2634 2226 20 11 so
2669 2220 83 22 salutary
2766 2221 19 16 to

1898 2242 86 21 invalids,
1995 2244 31 16 the
2035 2242 59 18 Baths
2103 2243 102 18 connected
2214 2244 46 17 with
2270 2244 31 17 the
2311 2244 142 18 establishment
2461 2251 31 10 are
2501 2243 106 19 unrivalled
2613 2243 31 18 for
2649 2242 49 18 their
2703 2243 82 18 curative

1898 2266 109 22 properties.
2032 2267 58 16 These
2099 2267 91 22 comprise
2205 2267 78 17 covered
2298 2267 18 17 in
2331 2267 55 18 baths
2403 2268 19 16 of
2439 2274 36 15 any
2493 2267 67 22 degree
2578 2267 19 17 of
2614 2268 125 20 temperature
2756 2267 29 16 for

1898 2289 85 21 invalids,
1994 2296 11 10 a
2013 2291 55 21 spout
2077 2289 45 17 bath
2133 2290 31 17 the
2171 2290 104 22 properties
2284 2290 19 18 of
2313 2290 59 17 which
2382 2296 31 11 are
2423 2293 48 14 most
2480 2290 129 23 invigorating
2622 2289 36 18 and
2668 2289 32 17 the

2069 2312 116 18 LARGEST
2197 2314 52 16 HOT
2262 2313 91 18 WATER
2366 2313 139 18 SWIMMING
2517 2313 105 18 LAGOON

1897 2335 18 17 in
1926 2335 45 17 New
1981 2335 87 18 Zealand.
2094 2336 38 16 The
2141 2336 57 17 latter
2207 2342 63 11 covers
2279 2342 23 11 an
2315 2342 43 11 area
2367 2337 20 16 of
2395 2342 44 12 over
2447 2338 37 16 two
2493 2342 51 12 acres
2552 2336 19 17 in
2581 2336 70 17 extent.

1920 2359 39 16 The
1967 2358 51 18 Lake
2027 2360 88 16 steamers
2124 2360 20 16 to
2154 2359 38 17 and
2201 2360 47 16 from
2267 2360 89 17 Tokaanu
2369 2360 45 16 land
2427 2366 21 10 or
2461 2360 44 16 take
2522 2359 27 18 oil'
2563 2364 110 18 passengers
2689 2358 65 17 within
2772 2364 11 12 a

1896 2383 77 21 quarter
1980 2382 19 17 of
2008 2388 10 11 a
2028 2382 41 17 mile
2079 2383 19 16 of
2107 2382 31 18 the
2147 2383 64 16 house.

2083 2404 87 19 ROOMS
2179 2406 84 16 LOFTY
2276 2406 53 16 AND
2343 2406 73 16 WELL
2424 2406 171 17 VENTILATED.

1919 2428 39 17 The
1967 2428 46 17 Mail
2023 2428 81 18 Coaches
2114 2430 19 15 to
2143 2429 70 21 Napier
2221 2429 37 17 and
2267 2429 90 17 Tokaanu
2371 2429 39 22 (the
2423 2429 107 23 Wanganui
2544 2429 56 17 River
2613 2427 61 23 route)
2691 2434 42 15 pass
2749 2428 32 17 the

1896 2451 51 20 door,
1958 2452 36 17 and
2004 2451 31 18 tho
2044 2451 84 18 Rotorua
2140 2452 61 17 Coach
2210 2452 15 17 is
2239 2453 38 16 met
2286 2458 23 11 on
2318 2452 68 17 arrival
2394 2453 20 16 at
2422 2452 71 22 Taupo.

2159 2499 130 16 TJBR7UTS
2312 2499 214 17 MODeRHTS.

1897 2540 149 47 ROSS
2056 2542 47 45 &
2113 2529 322 67 MCKINLEY,
2451 2542 325 55 Proprietors.

1918 2604 100 19 COOKS
2032 2604 140 19 COUPONS
2189 2605 157 18 ACCEPTED

2249 2650 23 24 T
2286 2651 21 23 A
2323 2650 20 24 U
2362 2637 95 37 POT~

2093 2773 203 28 :i_,.a.:k::e
2329 2771 249 30 t^ttipo.

1917 2839 111 19 TARIFF
2037 2836 3 26 :
2053 2839 62 18 Four
2125 2839 111 23 Shillings
2245 2843 41 19 per
2294 2838 67 19 Diem
2369 2836 4 26 ;
2394 2838 98 23 Twenty
2503 2837 112 23 Shillings
2623 2841 40 19 per

1941 2897 139 41 ROBERT
2104 2896 159 42 WILLIAM
2291 2895 114 45 PRIM,

2540 2916 190 19 PROPRIETOR.

2164 3103 344 40 TAUPO.

1915 3313 85 17 Rotorua
2009 3312 19 16 to
2037 3311 70 20 Taupo,

1915 3337 65 19 Taupo
1990 3337 19 15 to
2018 3333 89 21 Rotorua,

1915 3359 65 21 Taupo
1988 3359 21 16 to
2017 3357 95 19 Tokaanu,

1915 3382 91 17 Tokaanu
2014 3382 19 14 to
2042 3379 71 22 Taupo,

1915 3405 65 20 Taupo
1988 3406 21 15 to
2017 3402 98 20 Wairakei,

1915 3427 93 17 Wairakei
2018 3427 20 16 to
2046 3425 71 22 Taupo,

1931 3455 49 17 aupo
1989 3452 20 15 to
2017 3448 77 23 Rapids,

1915 3475 65 18 Taupo
1989 3471 86 21 toHnkii
2083 3471 57 20 Palls,

2178 3217 324 34 TIME-TABLE.

2396 3307 86 21 Tuesday
2491 3307 37 16 and
2540 3305 75 22 Friday.

2397 3329 98 23 Thursday
2504 3328 36 19 and
2549 3328 78 23 Sunday

2398 3352 98 23 Thursday
2505 3352 37 17 and
2551 3351 81 22 Sunday.

2399 3375 69 23 Friday
2477 3375 38 17 and
2523 3375 90 22 Monday.

2399 3399 62 21 Daily.

2397 3422 63 21 Daily.

2398 3445 63 21 Daily.

2400 3468 63 22 Daily.

2044 3512 47 18 SFA
2103 3511 82 17 Coaches
2194 3510 50 16 meet
2251 3509 90 17 Tokaanu
2350 3509 79 16 steamer
2437 3507 77 22 coming
2521 3507 38 16 and
2568 3507 64 22 going.

2009 3556 146 20 ROTORUA
2168 3556 26 18 to
2211 3553 153 20 TOKAANU
2376 3553 31 18 94
2414 3552 68 19 miles
2491 3552 36 18 for
2535 3552 36 18 £1
2582 3552 27 18 03
2623 3551 36 19 Od.

1918 3643 43 19 The
1972 3640 62 24 SPA
2050 3639 107 23 HOTEL
2167 3639 18 19 is
2195 3638 35 19 the
2240 3638 67 18 Home
2317 3636 21 19 of
2348 3636 35 19 tho
2393 3636 88 19 Famous
2490 3635 95 23 Crow's
2595 3633 65 24 Nest
2671 3632 102 30 Geyser.

1962 3682 71 20 Maori
2044 3681 90 19 Carved
2142 3680 87 23 Dining
2238 3679 59 19 Hall,
2469 3677 40 19 All
2517 3677 70 19 kinds
2595 3676 27 18 of
2627 3675 78 19 Baths.

1931 3724 76 19 Tennis
2016 3723 42 18 and
2067 3721 125 19 Promenade
2202 3720 80 22 Lawns,
2294 3719 97 23 Gardens,
2403 3718 139 22 Shrubberies,
2557 3716 77 24 Lovely
2643 3715 93 19 Flowers.

2180 3761 191 20 FIRST-CLASS
2385 3759 104 20 TABLE.

1933 3868 100 28 SHIPS
2042 3866 101 26 YACHT
2157 3864 127 27 BROKER.

1952 3898 191 20 COMMISSION
2155 3897 110 21 AGENT,

1933 3933 48 25 fAS
2003 3932 55 20 FOR
2081 3931 69 19 SALE
2169 3937 12 12 a
2199 3930 87 19 number
2305 3930 21 18 of

1902 3963 10 15 I
1927 3960 11 18 A
1975 3962 64 15 steam
2061 3957 103 23 launches,
2185 3956 76 25 yachts,
2285 3955 40 18 and

1893 3986 81 22 nulling
1985 3985 59 18 boats
2062 3983 87 19 suitable
2169 3983 33 18 fur
2220 3982 46 18 lake
2285 3983 40 17 and

1893 4013 53 18 river
1955 4011 61 18 work.

1960 4040 184 20 CoiutEsro'DENCE
2164 4038 96 19 Invited.

2059 4092 101 18 Address:

1922 4131 31 21 15,
2135 4125 165 21 AUCKLAND.

2451 3810 221 21 MASSAGE.

2347 3902 93 24 IVTISS
2458 3902 116 19 FRASEE.
2585 3900 96 26 qualified
2696 3900 65 19 Ameri-

2348 3920 49 25 !tJL
2425 3935 38 13 can
2480 3929 112 22 Masseuse,
2612 3928 17 18 is
2638 3925 137 26 permanently

2347 3954 78 19 located
2441 3955 21 18 in
2477 3954 98 19 Rotorua.
2612 3953 39 18 She
2676 3951 36 19 has
2735 3951 39 18 had

2348 3980 137 20 considerable
2499 3980 116 25 experience
2624 3978 20 18 in
2661 3978 34 17 the
2713 3979 23 15 t.r-.
2743 3979 22 16 at-

2347 4008 57 18 rnent
2421 4006 23 19 of
2459 4005 64 20 ladies
2533 4005 39 19 and
2582 4003 111 26 gentlemen
2705 4001 60 19 suffer-

2347 4033 37 24 ing
2392 4033 53 18 from
2463 4032 89 21 Sciatica,
2569 4028 146 22 Rheumatism,
2728 4027 47 19 Stiff

2347 4058 73 23 Joints,
2442 4057 113 25 Dyspepsia
2573 4055 40 19 and
2630 4053 28 20 all
2675 4054 61 19 forms
2754 4053 21 19 of

2348 4083 93 19 Nervous
2456 4083 112 19 Disorders.

2397 4125 103 20 Addeess:
2516 4123 97 21 GRAND
2629 4121 98 19 HOTEL.

2928 954 242 51 Manager.

2923 1073 36 18 TO
2971 1073 147 20 TOURISTS.

2799 1120 2 23 |
2823 1121 16 16 A
2853 1121 127 18 SOUVENIR
2993 1122 30 17 OF
3036 1123 50 17 THE
3099 1123 120 18 DISTRICT.

2813 1169 134 45 BEFORE
2959 1176 39 18 you
3013 1171 55 19 loavo
3087 1170 93 25 Rotorua,
3197 1172 24 18 in-

2884 1199 54 21 spect
2946 1195 33 20 the
2987 1196 103 20 miniature
3097 1198 25 17 oil
3130 1198 102 24 paintings

2799 1218 1 29 I
2811 1221 20 18 of
2839 1221 33 18 the
2883 1221 43 18 Hot
2935 1221 63 19 Lakes
3012 1227 85 20 scenery,
3107 1223 31 18 for
3157 1223 40 19 sale
3212 1225 21 16 at

2798 1246 2 26 ]
2811 1248 33 17 the
2856 1247 47 18 Hot
2918 1246 68 20 Lakes
2999 1247 115 20 Chronicle
3126 1249 68 23 Oflice,
3213 1251 21 16 at

2811 1274 52 17 from
2875 1274 20 17 Is
2905 1272 25 19 oil
2938 1273 53 18 each.

2870 1315 23 25 J.
2909 1315 25 24 P.
2949 1315 229 30 BACKHOUSE,

2959 1362 133 17 KRTIST,

2818 1396 126 25 NEWTON
2969 1396 81 28 RORD,
3072 1396 166 26 AUCKLAND,

2923 1459 203 27 ROTORUA.

2815 1535 233 45 Tarawera
3070 1535 162 50 .House,

2866 1596 177 19 TUTANEKAI
3057 1597 116 19 STREET.

2836 1629 80 19 Within
2939 1635 43 18 easy
3008 1635 63 13 access
3096 1630 20 18 of
3131 1629 34 19 the
3184 1630 48 18 Post

2811 1655 65 24 Office,
2884 1655 68 21 Baths,
2963 1654 38 19 and
3007 1654 124 20 Sanatorium
3140 1655 91 18 Grounds

2811 1681 39 18 and
2860 1681 137 24 commanding
3011 1687 11 11 a
3038 1681 126 24 magnificent
3182 1681 49 19 view

2812 1706 20 20 of
2841 1707 34 17 the
2884 1706 61 19 Lake.

2837 1736 85 20 Visitors
2943 1736 39 20 will
3001 1736 41 19 find
3060 1742 58 19 every
3134 1736 97 19 attention

2813 1763 46 24 paid
2869 1765 19 16 to
2898 1763 51 17 their
2958 1763 81 17 comfort
3050 1762 38 18 and
3100 1764 34 16 the
3144 1763 77 23 require-

2813 1791 63 16 ments
2886 1788 20 18 of
2916 1788 73 18 invalid
2999 1790 66 22 guests
3076 1787 39 19 will
3126 1788 24 18 ho
3166 1787 55 19 assid-

2813 1815 70 24 uously
2893 1813 91 19 attended
2994 1816 25 16 to.

2923 1848 67 19 Terms
3002 1848 117 20 Moderate.

2862 1875 34 46 ti,
2915 1887 267 36 WXLLMOTT,

2905 1937 234 17 PRGPRIGTOR,

2836 1975 77 19 Letters
2932 1975 39 18 and
2995 1974 113 25 Telegrams
3130 1973 101 26 promptly

2810 2000 110 24 responded
2924 2002 25 18 to.

2809 2133 183 44 I)ASSENGERS
3001 2135 18 15 to
3028 2133 81 18 Rotorua
3119 2138 30 11 are
3156 2131 75 18 advised

2872 2157 41 17 that
2921 2163 11 10 a
2945 2156 73 22 regular
3029 2156 49 21 daily
3092 2156 55 16 coach
3163 2154 67 18 service

2807 2181 83 16 between
2899 2179 88 18 Okoroire
2996 2179 36 17 and
3043 2179 78 17 llotoruu
3139 2178 36 16 and
3191 2178 38 16 vice

2807 2210 51 11 versa
2867 2204 14 16 is
2890 2208 42 12 now
2940 2202 87 23 running.

2829 2227 39 16 The
2876 2226 113 21 advantages
2996 2231 10 11 o
3021 2225 36 17 this
3062 2225 53 17 route
3119 2229 31 12 are
3155 2229 62 12 numer-

2806 2255 38 16 ous,
2855 2255 11 11 a
2875 2248 100 18 somewhat
2988 2248 71 17 tedious
3067 2247 76 22 railway
3151 2247 80 22 journey

2805 2272 15 18 is
2828 2272 76 21 broken,
2914 2271 36 17 and
2958 2271 32 17 6ho
3007 2273 51 15 route
3075 2271 88 16 traverses
3180 2272 50 15 som6

2805 2296 20 16 of
2842 2295 32 17 the
2890 2293 83 19 loveliest
2989 2293 50 18 Bush
3056 2293 77 22 Scenery
3150 2293 18 17 in
3183 2292 45 18 New

2804 2318 87 17 Zealand.

2843 2349 102 21 PARES,
2961 2348 40 18 10s
3010 2346 80 19 EACH
3102 2346 80 18 WAY.

2804 2377 89 24 Special
2909 2377 160 21 Convej'ances
3086 2380 42 13 can
3149 2375 27 17 be
3192 2378 34 14 ar-

2803 2445 206 20 Leave—Okoroire
3018 2445 34 17 for
3065 2445 101 17 Rotorua
3180 2443 45 19 and

2871 2469 212 19 Whakarewarewa
3112 2467 60 23 daily
3199 2472 14 12 a

2873 2493 27 18 10
2909 2497 50 14 a.m.

2803 2516 199 19 Leave--Rotorua
3010 2514 44 18 and-

2870 2544 61 13 rewa
2946 2538 34 18 lor
2994 2537 112 21 Okoroire,
3123 2535 60 24 daily
3198 2536 26 17 at

2872 2563 28 17 10
2909 2566 50 14 a.m.

2825 2586 31 17 All
2875 2589 107 19 passengers
3002 2589 29 11 are
3048 2582 73 18 advised
3141 2584 19 15 to
3175 2582 48 17 avail

2802 2610 108 16 themselves
2919 2608 19 17 of
2946 2608 36 16 this
2999 2606 58 18 Route
3071 2612 19 10 as
3105 2605 88 17 Okoroire
3206 2604 16 18 is

2801 2638 35 12 one
2850 2632 20 18 of
2879 2632 33 17 the
2919 2631 51 17 show
2978 2629 59 23 places
3054 2629 19 17 of
3090 2628 30 17 the
3136 2627 86 18 Thermal

2801 2655 82 21 District,
2905 2654 35 17 and
2955 2659 23 12 no
2995 2652 41 17 visit
3051 2653 18 16 to
3085 2651 31 18 tbo
3131 2652 59 15 Lakes
3206 2650 15 17 is

2801 2678 89 22 complete
2899 2676 107 19 withoutits
3010 2674 94 18 inclusion.

2823 2701 70 22 Special
2903 2699 89 19 attention
3005 2699 14 16 is
3032 2697 56 18 called
3102 2698 19 16 to
3135 2697 31 17 the
3183 2697 37 17 fact

2799 2725 43 17 that
2850 2731 10 10 a
2869 2723 54 18 coach
2932 2723 59 16 leaves
3004 2721 79 18 Rotorua
3094 2720 36 17 and
3141 2719 65 18 Whaka-

2799 2752 97 14 rewarewa
2905 2752 23 12 on
2937 2744 74 22 Sunday
3020 2745 17 16 at
3050 2745 18 15 10
3077 2749 42 11 a.m.

2930 2790 143 18 RCENTS
3082 2790 4 18 :

2798 2820 71 18 TIIOS.
2883 2819 66 17 COOK
2966 2818 12 16 &
2999 2817 52 19 SOX,
3069 2815 95 18 Auckland
3183 2813 37 18 and

2964 2841 86 16 Rotorua.

2803 2888 12 17 \
2832 2885 108 20 MEMBEP.
2959 2884 31 18 OF
3010 2883 50 18 THE
3082 2881 84 19 HOUSE
3187 2881 31 18 OF

2885 2905 242 21 REPRESENTATIVES.

2822 2941 92 23 Speaking
2926 2945 24 11 on
2964 2938 30 18 the
3008 2937 102 22 Pharmacy
3123 2937 34 16 Bill
3171 2935 46 21 said,

2856 2963 100 24 profession
2970 2962 33 16 has
3015 2960 51 17 made
3082 2960 35 16 less
3133 2963 85 18 progress

2797 2988 69 22 during
2875 2987 31 17 the
2921 2985 35 18 last
2974 2985 30 16 100
3019 2988 51 17 years
3085 2983 44 16 than
3145 2982 40 17 that
3199 2980 19 17 of

2914 3015 21 10 or
2943 3006 58 19 words
3010 3008 18 15 to
3037 3006 41 17 that
3090 3005 57 18 effect.
3180 3004 38 17 The

2798 3033 77 19 M.H.R.
2890 3031 56 24 spoke
2959 3029 77 18 without
3049 3028 92 22 thinking,
3159 3033 20 10 or
3195 3027 23 17 he

2798 3057 60 17 would
2872 3057 32 15 not
2921 3055 45 16 havo
2981 3050 53 20 made
3051 3052 42 15 such
3110 3057 23 10 an
3150 3048 68 19 absurd

2797 3079 105 19 statement.
2926 3077 30 16 He
2964 3074 92 23 evidently
3069 3074 53 16 knew
3138 3073 80 21 nothing

2797 3103 19 17 of
2825 3103 31 16 the
2865 3106 40 12 new
2914 3099 72 22 remedy
2996 3097 67 18 termed

2934 3120 147 18 NEURGL

2798 3147 59 17 which
2866 3146 20 20 is,
2890 3145 20 17 in
2912 3142 111 24 comparison
3030 3141 43 17 with
3081 3138 85 20 remedies
3173 3138 45 17 used

2798 3177 45 10 oven
2882 3173 51 18 years
2941 3172 41 17 ago,
2992 3172 18 10 as
3017 3164 47 23 light
3074 3166 19 14 to
3101 3163 92 16 darkness.

2934 3194 147 18 NEUROL

2797 3220 16 17 is
2821 3225 11 12 a
2844 3216 126 23 scientifically
2985 3213 87 25 prepared
3090 3212 91 19 medicine,
3198 3215 20 12 m

2799 3243 31 17 the
2839 3243 47 16 form
2895 3241 19 16 of
2922 3239 88 23 powders.
3034 3238 19 15 It
3059 3243 15 10 is
3082 3238 32 14 not
3126 3234 81 23 disagree-

2798 3265 41 18 able
2846 3258 4 26 ;
2863 3265 16 16 it
2887 3265 15 16 is
2910 3265 33 15 not
2950 3258 107 26 expensive:
3070 3260 15 16 it
3094 3259 31 16 lies
3133 3264 19 10 m
3166 3258 52 15 small

2799 3293 92 18 compass;
2906 3286 16 18 it
2929 3284 82 20 contains
3019 3288 24 12 no
3051 3282 67 22 opium,
3136 3279 82 23 morphia

2798 3318 22 10 or
2833 3309 113 23 antipyrino;
2965 3308 14 16 it
2997 3306 37 17 will
3050 3306 33 16 not
3098 3309 42 12 euro
3156 3307 52 17 every-

2797 3335 56 17 thing
2909 3332 15 17 it
2937 3332 15 16 is
2965 3329 80 18 effective
3058 3328 19 16 in
3090 3327 26 17 all
3128 3332 49 11 cases
3190 3326 28 16 for

2799 3357 58 17 which
2867 3357 11 16 it
2889 3356 15 16 is
2916 3351 142 21 recommended.

2936 3379 147 19 NEUROL

2799 3406 36 18 will
2844 3405 66 18 relievo
2918 3409 53 16 every
2980 3403 45 16 form
3043 3401 19 16 of
3078 3398 92 19 headache
3185 3398 33 16 not

2798 3429 65 15 (-.•insed
2872 3429 24 15 In-
2905 3427 51 17 brain
2966 3424 73 19 disease.

2798 3490 52 12 euros
2869 3481 94 22 neuralgia
2983 3480 20 17 of
3017 3479 31 16 the
3064 3478 40 17 face
3119 3477 37 16 and
3171 3477 46 15 head

2797 3514 51 11 more
2856 3506 93 22 promptly
2957 3504 44 16 than
3011 3502 73 21 quinine

2820 3531 16 16 L
2843 3531 10 15 V
2859 3527 98 20 GRIPPE,
2966 3532 20 10 or
2992 3524 74 18 INFLL
3070 3522 32 18 EN
3106 3523 13 16 Z
3121 3523 16 16 A
3142 3521 47 17 loses
3194 3522 24 15 its

2797 3555 68 15 terrors
2874 3553 14 15 if
2896 3549 103 19 NEUROL
3006 3549 15 16 is
3029 3547 55 16 taken
3093 3547 20 15 at
3121 3545 33 16 the
3166 3549 39 12 com-

2797 3576 113 15 mencement
2920 3574 18 16 of
2948 3573 29 16 the
2986 3571 67 16 attack.

2820 3598 79 18 COLDS
2944 3591 135 22 CATARRHS,
3113 3589 102 18 FEVER*.

2797 3619 170 20 RHEUMATISM
2990 3622 30 11 are
3046 3615 24 17 all
3091 3612 80 19 relieved
3193 3612 17 17 h'

2797 3645 12 17 J,
2810 3642 4 24 T
2815 3642 91 19 ETTBOL.
3052 3660 10 6 r
3084 3642 4 24 .

2820 3667 36 18 For
2876 3670 69 12 women
2965 3660 102 21 NEUROL
3083 3665 15 11 is
3117 3659 68 22 pecuhr

2796 3690 83 18 suitable,
2889 3689 15 16 it
2913 3692 50 12 cures
2971 3685 25 18 all
3010 3683 72 23 painful
3096 3687 71 17 cramps

2796 3714 53 16 other
2856 3711 58 22 pains.
3154 3721 7 11 3

2818 3735 61 22 Every
2899 3733 62 20 minor,
2982 3730 88 17 bushman
3097 3730 35 14 and

2796 3758 64 19 should
2870 3761 70 18 possess
2948 3760 10 12 a
2966 3754 37 16 box
3011 3753 19 15 of
3039 3750 76 19 NEUR<
3122 3749 34 29 >T^
3159 3749 4 31 )

2796 3788 10 10 a
2815 3780 88 19 medicine
2912 3779 49 16 chest
2970 3777 18 16 in
2998 3775 51 18 small
3059 3774 107 28 coroptg^

2797 3829 18 15 2s
2824 3833 32 15 per
2863 3826 44 17 box.
2917 3830 19 10 or
2945 3824 41 21 post
3001 3822 36 16 fret!
3054 3820 44 17 from
3112 3832 15 16 p
3139 3835 20 12 os
3160 3836 9 5 _

2797 3850 39 17 Co..
2846 3847 102 19 Auckland,
2959 3847 18 15 12s
2987 3845 28 16 Id.

2818 3871 103 19 Wholesale
2930 3871 45 16 from
2985 3866 89 23 Kcnipthr

2797 3902 32 14 ser,
2840 3901 21 12 or
2869 3892 90 20 Sharland
2968 3890 35 18 and
3013 3890 31 17 Co.
3058 3902 5 2 -

3039 3916 124 36 Department.

2825 3955 122 29 Government
2964 3954 90 25 Insnrzw-

2937 3991 81 12 EsTABLr.

3033 4012 24 15 *,l
3070 4002 102 24 837,000

2825 4024 78 15 Growth
2913 4022 21 14 of
2942 4022 51 13 Busit
3001 4024 7 3 -
3032 4019 143 26 "I'^qq^OOO

2850 4047 38 13 bum
2896 4045 74 14 Assurou,
2980 4041 7 12 *
3029 4043 39 19 ia'
3074 4042 101 24 250,000
