4190 5965
95 227 116 29 purpose
225 218 30 28 of
270 221 16 13 44
299 218 155 36 improving
467 219 47 29 the
525 220 124 28 occasion
698 231 28 18 as

97 263 19 19 it
131 257 21 25 is
165 257 84 26 culled
265 258 33 33 by
318 258 46 26 the
378 267 121 26 persons,
523 259 52 25 and
589 260 120 27 occasion-

96 294 55 36 ally
178 295 110 37 provide
313 304 33 18 an
382 295 179 38 opportunity
585 296 40 28 for
657 296 67 30 local

98 338 75 33 poets
195 344 30 18 or
248 338 133 32 poetesses
405 341 26 23 to
451 337 59 34 give
531 341 63 23 vent
608 341 27 23 to
658 336 70 30 their

96 381 109 27 hiii'jjius
239 374 183 34 inspirations.
460 375 75 27 Even
568 375 27 27 in
629 376 97 35 Sleepy

97 411 109 26 Hollow
221 411 43 26 the
279 411 90 27 <l.vine
383 409 108 30 afflatus
512 420 88 19 seems
618 418 28 23 to
659 414 69 27 have

97 448 80 29 taken
204 449 66 28 such
293 460 14 17 a
328 449 64 29 hold
413 451 30 28 of
463 461 16 18 a
500 451 106 33 regular
628 461 84 20 corres-

97 488 121 34 ];ondent
249 488 29 27 of
307 489 45 26 the
378 489 63 35 Slop
474 489 102 27 Bucket
602 489 58 29 that
686 491 42 26 his

96 524 114 36 feelings
235 525 53 29 had
312 532 27 22 to
362 526 56 29 find
523 528 26 27 in
571 535 104 30 poetry,
701 538 29 19 or

97 564 74 28 What
197 565 33 27 he
256 566 133 35 supposed
415 572 27 22 to
467 566 31 28 be
523 573 103 30 poetry.
663 568 67 27 This

98 602 64 28 bard
177 604 29 27 of
216 603 46 29 the
283 604 104 32 Maitai,
408 605 57 27 who
483 606 90 27 writes
587 606 84 28 under
684 608 46 27 the

98 643 138 33 signature
250 642 29 28 of
295 645 17 12 44
519 653 54 19 was
592 645 138 36 evidently

98 680 188 36 considerably
302 689 139 20 overcome
455 682 33 35 by
501 682 42 27 his
554 683 175 36 impressions

98 719 80 29 when
211 718 34 30 lie
276 719 151 30 undertook
457 726 27 24 to
513 729 67 30 pour
610 728 47 22 out
688 722 42 28 his

99 759 114 36 poetical
234 759 58 28 soul
307 761 26 26 in
353 769 84 19 verse.
476 761 38 26 Of
529 763 16 12 44
559 761 143 35 Voyugeur

99 797 108 27 liimHell
223 797 13 27 I
256 797 79 27 know
350 798 132 34 nothing;
502 798 28 27 of
547 798 42 27 his
608 799 121 34 writings

99 834 29 28 in
154 844 74 26 prose
255 836 12 26 I
293 845 49 18 can
368 836 64 36 only
457 846 47 25 say
530 836 59 28 that
614 837 22 27 if
663 837 64 36 they

100 874 135 36 approach
260 874 41 28 his
315 879 93 32 poetry
423 884 26 18 in
472 875 44 28 the
537 875 114 28 sublime
667 884 46 19 con-

100 917 87 32 tempt
209 913 40 29 for
271 919 97 31 syntax
389 913 60 30 that
474 913 42 30 his
538 923 89 20 verses
650 914 43 35 do,
716 914 13 29 I

99 952 67 27 Wish
202 957 27 23 to
259 952 80 28 know
371 953 124 34 nothing.
545 954 44 26 Ho
620 954 112 27 himself

98 990 139 34 evidently
263 990 63 26 does
352 994 47 22 not
423 999 106 27 possess
560 990 82 27 much
667 999 46 19 con-

99 1027 105 29 fidence
230 1028 27 28 in
282 1028 46 28 the
350 1037 59 19 new
432 1028 171 38 atmosphere
626 1029 34 29 ho
681 1028 49 30 has

98 1067 103 26 elected
227 1071 28 22 to
277 1067 94 27 breath
392 1069 37 31 in,
450 1068 41 27 for
505 1067 33 28 he
560 1077 171 18 commences

98 1103 67 28 with
180 1103 45 28 the
239 1103 188 34 following:—

98 1151 37 26 At
145 1150 70 28 close
227 1152 29 26 of
267 1151 52 35 day
330 1152 46 26 the
388 1152 150 35 feesh'ning
548 1152 94 29 breeze
661 1153 67 28 blew

135 1188 99 28 harder
246 1194 54 30 yet,
314 1189 52 28 and
382 1190 84 33 shrill,

101 1225 131 30 Bhrieked
255 1227 116 36 through
394 1228 44 28 the
461 1227 115 38 rigging,
590 1228 112 37 bearing
715 1238 15 20 a

135 1267 123 34 warning
271 1271 46 24 not
331 1268 29 27 of
372 1267 46 33 ill;

100 1301 58 29 The
190 1307 15 12 44
363 1314 35 18 on
426 1305 68 28 dock
524 1314 44 18 aro
599 1305 131 34 working,

135 1340 113 36 making
261 1342 35 28 all
310 1350 68 27 snug
391 1342 41 28 for
445 1343 46 28 the
505 1342 87 36 night,

101 1380 71 28 llow
187 1380 68 28 little
269 1381 33 28 do
316 1381 65 36 they
394 1381 92 29 dream
503 1382 95 38 they'll
618 1392 66 19 soon
698 1384 32 28 be

136 1420 27 26 in
176 1420 65 28 such
256 1420 95 28 woeful
367 1420 96 37 plight.

100 1467 59 27 The
184 1467 112 35 rhythm
322 1467 61 28 here
408 1468 22 27 is
455 1468 123 34 dubious,
606 1469 54 28 and
686 1469 44 28 the

100 1510 87 24 metre
200 1505 145 30 resembles
360 1505 44 30 the
418 1505 105 38 halting
540 1516 122 28 progress
676 1507 29 30 of
716 1519 14 18 a

102 1544 127 35 spasmed
250 1544 79 28 horse
343 1554 63 18 over
419 1555 15 18 a
448 1545 99 33 bridge.
585 1547 58 27 The
663 1546 67 29 bard

102 1583 22 27 is
138 1582 137 38 evidently
288 1582 127 37 ignorant
427 1583 30 28 of
474 1583 45 29 the
538 1585 134 37 necessity
690 1585 41 29 for

102 1622 146 35 arranging
272 1622 42 27 his
340 1622 104 36 dactyls
469 1624 53 26 anl
548 1623 131 36 spondees
702 1625 28 26 in

102 1659 154 37 harmony;
289 1660 32 28 he
349 1661 100 36 prefers
479 1661 146 37 scattering
655 1662 75 28 them

102 1698 82 28 about
214 1698 117 35 anyhow
356 1699 52 27 like
442 1699 181 28 skirmishers.
672 1700 58 28 The

102 1735 78 34 linos,
202 1736 28 27 in
251 1745 193 28 cousequence,
467 1737 34 28 do
523 1740 47 25 not
592 1745 51 20 run
662 1737 66 29 with

102 1774 59 30 that
203 1774 172 31 smoothness
416 1785 143 28 necessary
601 1777 40 29 for
682 1777 47 29 the

102 1815 146 35 solemnity
270 1815 30 27 of
318 1815 46 28 the
386 1815 121 35 subject;
538 1815 63 33 and,
627 1818 35 32 by
684 1817 46 28 the

102 1858 69 30 Way,
194 1852 61 28 how
277 1852 63 28 does
362 1853 20 28 it
404 1862 75 19 come
502 1852 82 29 about
604 1853 59 29 that
684 1853 45 29 the

102 1891 73 28 wind
188 1900 55 19 was
266 1891 117 35 blowing
403 1892 26 28 in
443 1892 46 29 the
504 1897 60 32 past
577 1895 85 30 tense,
676 1892 54 29 and

102 1930 45 27 the
175 1933 15 12 44
202 1930 87 28 watch
343 1930 121 37 working
489 1930 27 28 in
542 1931 45 28 the
611 1935 117 33 present.

101 1965 67 29 This
189 1968 23 26 is
234 1974 48 21 not
295 1968 27 27 in
347 1969 162 27 accordance
521 1970 66 26 with
601 1970 128 35 ordinary

100 2005 73 28 rules
194 2005 31 27 of
248 2012 94 32 poetry
367 2007 223 29 manufacturers.
628 2008 34 28 In
684 2007 45 30 the

100 2045 99 29 second
213 2055 75 20 verse
302 2046 33 29 he
348 2052 58 30 gets
420 2057 92 19 worse.

100 2092 90 29 T'was
202 2098 48 23 not
263 2094 28 28 in
305 2095 87 36 safety
400 2104 67 19 once
477 2096 78 27 alone
564 2094 46 30 the
619 2104 111 28 passage

136 2132 47 29 she
196 2132 54 29 had
263 2142 61 24 run,

100 2170 57 29 I3ut
178 2182 88 17 scores
285 2173 30 27 of
325 2172 97 34 times;
441 2173 65 29 each
530 2173 64 29 mile
607 2173 29 30 of
655 2177 73 25 coast

136 2210 119 29 familiar
269 2222 29 18 as
311 2212 45 29 the
370 2221 60 25 sun,

102 2249 64 27 Fair
190 2259 34 18 on
249 2250 49 28 her
318 2251 139 29 starboard
480 2251 55 29 had
555 2251 82 29 flown
662 2256 69 32 past,

136 2287 53 29 like
203 2287 173 38 finger-posts
389 2289 29 29 of
428 2289 62 33 fate,

100 2326 77 28 Each
192 2337 75 22 grass
279 2328 60 27 clad
353 2328 48 27 hill
414 2328 121 37 severely
548 2328 96 36 grand,
655 2329 76 29 stood

136 2365 28 28 in
178 2365 34 28 its
225 2365 102 38 rugged
339 2370 76 25 state.

102 2411 84 30 What
195 2413 22 28 is
227 2413 45 28 the
292 2417 17 12 44
321 2414 47 28 she
413 2414 29 29 in
451 2415 46 28 the
507 2415 58 29 first
574 2415 55 29 line
639 2417 12 27 ?
688 2416 45 28 He

101 2453 76 35 gives
199 2461 31 19 u.i
252 2461 35 19 no
300 2452 68 29 clue.
404 2453 60 28 And
479 2453 35 37 by
533 2453 73 29 what
625 2463 85 28 proce.
720 2462 13 21 B

101 2490 30 27 of
142 2494 95 24 nature
251 2490 63 28 does
327 2491 67 28 each
408 2492 64 26 mile
485 2492 31 28 of
531 2498 73 22 coast
616 2492 37 36 fly
672 2502 39 26 pa.
721 2496 12 25 t

100 2528 94 29 whilst
219 2528 44 28 the
294 2529 121 36 severely
444 2530 85 35 grand
560 2529 63 30 hills
653 2533 77 26 stood

101 2567 79 28 still?
218 2567 66 29 Like
298 2567 125 29 Sambo's
432 2568 181 32 conundrum,
634 2571 16 15 14
661 2569 13 28 1
689 2569 44 33 gib

101 2605 21 27 it
239 2605 76 28 Then
337 2607 41 26 for
399 2615 16 18 a
429 2607 48 27 few
493 2615 90 19 verses
603 2607 47 28 the
670 2611 63 32 poet

101 2647 60 31 Kets
186 2642 55 30 still
267 2652 75 21 more
366 2644 160 37 descriptive
549 2645 55 29 and
634 2654 81 27 ungra-

102 2682 133 32 inattical,
260 2682 49 28 but
335 2683 11 26 I
373 2683 54 27 will
449 2693 78 25 spare
552 2693 47 26 my
623 2685 109 27 readers

102 2719 70 28 Until
186 2728 39 19 we
239 2720 78 27 reach
332 2720 46 27 the
390 2720 126 29 eleventh
531 2729 84 20 verso.

103 2768 94 29 bound
222 2769 26 28 in
274 2768 44 30 bis
342 2779 68 19 oars.
448 2772 42 27 On
511 2769 64 36 high
602 2770 46 30 the
672 2780 17 27 g
700 2770 32 30 .to

137 2807 104 27 shrieks
255 2807 69 29 forth
338 2817 15 18 ft
366 2808 121 37 requiem
500 2808 83 35 dirge,

100 2843 56 30 Fur
175 2845 73 28 souls
271 2845 58 29 that
352 2845 92 29 bodies
458 2845 55 29 will
525 2846 73 37 yield
619 2855 45 29 up,
687 2846 28 30 bo-

137 2883 82 29 neath
233 2885 45 28 the
292 2883 59 30 cold
365 2885 68 28 sea's
447 2894 87 27 surge.

102 2921 85 30 Wave
200 2923 69 28 lifter
281 2932 75 19 wave
369 2932 100 26 sweeps
491 2925 55 27 o'er
567 2924 45 29 the
632 2924 98 34 wreck,

136 2960 138 36 wreaking
288 2961 70 29 their
368 2962 126 29 wrathful
509 2963 89 35 work;

101 2998 52 30 Yet
166 3000 103 28 ollicors
283 3000 52 28 and
349 3010 64 18 men
432 3003 82 27 sir.ve
536 3002 77 34 hard,
636 3003 96 37 they'll

137 3043 47 23 not
197 3038 70 28 their
280 3038 66 36 duty
360 3038 84 28 shirk.

99 3085 59 28 The
172 3094 106 28 process
291 3085 30 29 of
330 3085 122 36 yielding
466 3094 35 29 up
514 3095 16 20 a
542 3086 59 30 soul
612 3085 118 31 beneath

99 3124 47 29 the
171 3123 61 29 cold
257 3133 45 19 sea
326 3134 88 23 surge,
442 3125 81 28 while
548 3126 46 29 the
619 3127 59 33 gale
709 3127 23 28 ia

100 3161 139 37 shrieking
252 3171 15 18 a
280 3161 121 37 requiem
415 3162 74 35 dirge
509 3163 94 34 above,
616 3174 65 27 may
699 3165 33 28 be

101 3200 125 36 poetical,
250 3198 50 30 but
325 3201 13 27 I
363 3200 125 36 question
509 3201 23 28 if
549 3202 22 28 it
589 3203 23 27 is
636 3212 28 18 in
690 3212 28 19 ac-

102 3238 131 29 cordance
257 3239 65 27 with
346 3238 76 30 facts.
471 3240 52 28 Yet
547 3250 16 18 a
587 3240 96 38 couple
707 3242 30 27 of

102 3285 89 20 vorsos
205 3277 104 28 further
328 3287 35 19 on
377 3277 75 29 these
466 3278 58 28 said
539 3279 73 27 souls
630 3279 35 29 do
687 3285 47 23 not

102 3325 101 29 appear
216 3321 27 24 to
257 3315 69 31 have
340 3316 131 30 detached
486 3317 162 31 themselves
662 3318 72 31 from

103 3356 47 27 the
163 3355 101 33 bodies,
278 3356 40 27 for
332 3356 46 28 the
392 3361 61 30 poet
468 3356 61 28 tells
542 3365 45 19 us'

104 3400 35 28 In
151 3400 83 29 blank
255 3402 173 28 unutterable
450 3401 115 39 despair,
589 3403 65 29 each
663 3400 3 40 ,
677 3403 59 29 soul

139 3439 66 29 with
220 3440 115 36 anguish
349 3444 63 25 torn

102 3477 109 29 Waited
224 3478 28 28 in
262 3482 114 33 agony's
384 3488 138 28 suspense.
560 3480 99 28 Would
670 3481 66 37 they

139 3527 44 20 see
196 3516 115 32 another
322 3520 103 28 morn'?

104 3558 63 27 And
177 3558 162 27 meanwhile
349 3560 56 26 o'er
413 3558 46 28 the
469 3567 76 21 wave
555 3562 85 33 swept
650 3559 87 29 wreck

139 3595 66 30 each
219 3603 85 30 angry
318 3605 43 20 sea
376 3595 60 31 that
449 3602 69 32 past,

104 3633 171 30 Threatened
298 3635 44 28 the
356 3634 132 30 lifeboats'
509 3640 148 32 occupants
669 3637 66 29 each

139 3677 125 25 moment
277 3682 55 20 was
344 3673 71 30 their
427 3673 62 30 last.

104 3720 68 28 This
194 3722 23 26 is
240 3722 146 34 positively
410 3723 192 32 excruciating,
626 3723 54 27 and
710 3727 27 24 to

104 3766 55 29 any
184 3766 64 19 man
274 3758 65 28 with
365 3768 15 18 a
402 3766 116 21 nervous
544 3763 102 33 system
671 3760 65 29 such

104 3796 76 30 trash
201 3797 23 27 is
246 3796 152 34 dangerous
419 3803 27 23 to
466 3798 73 29 read.
577 3801 59 25 One
656 3799 24 28 is
699 3800 25 28 al-

104 3839 73 23 most
190 3835 150 35 compelled
354 3839 28 24 to
406 3835 60 28 look
481 3836 117 34 through
613 3837 46 27 the
674 3837 64 38 Slop

105 3871 107 31 Ducket
236 3874 30 29 of
285 3883 15 19 a
320 3882 127 28 morning
468 3880 27 24 to
514 3873 65 31 read
601 3874 46 30 the
672 3875 51 30 tele-

104 3920 93 23 grains
226 3911 55 26 and
313 3911 129 34 shipping
478 3922 84 22 news,
593 3913 48 26 but
670 3914 21 25 if
721 3923 16 17 a

104 3947 139 36 rcpitition
268 3947 31 28 of
352 3947 195 37 Voyagcur's"
577 3953 94 33 poetry
695 3958 28 21 oc-

106 3995 72 24 curs,
201 3986 13 28 I
236 3986 97 29 should
354 3992 49 23 not
422 3987 31 29 be
467 3988 136 35 surprised
622 3995 28 22 to
673 3989 65 28 hear

106 4024 30 28 of
145 4024 47 28 the
206 4033 159 28 newspaper
377 4025 76 28 office
472 4025 81 34 being
565 4026 82 29 burnt
660 4026 78 29 down

106 4073 76 18 some
195 4063 88 33 night,
303 4063 53 28 and
370 4064 15 27 I
398 4064 35 27 do
452 4070 48 22 not
513 4064 79 28 think
610 4074 55 26 any
675 4066 63 35 jury

107 4100 92 27 would
221 4100 56 27 find
299 4109 55 27 any
376 4101 77 28 other
467 4101 102 30 verdict
590 4103 67 28 than
680 4103 58 29 that

107 4141 30 27 of
143 4137 150 37 justifiable
304 4148 88 21 arson.

272 4231 124 21 RAILWAY
415 4233 159 21 PROSPECTS.

142 4272 37 27 At
202 4271 52 28 last
280 4282 39 19 we
342 4273 70 28 have
434 4282 75 20 some
531 4274 110 30 definite
665 4285 74 19 news

108 4310 61 29 that
184 4310 44 30 the
242 4311 76 30 West
331 4312 82 29 Coast
427 4311 121 40 Kailway
566 4314 110 30 scheme
690 4315 49 29 has

109 4348 68 31 been
191 4350 82 30 taken
286 4360 36 29 up
335 4350 35 38 by
383 4361 16 19 a
421 4352 139 38 syndicate
572 4363 29 20 in
615 4354 123 30 London.

109 4389 51 28 Wo
182 4390 70 27 have
274 4390 115 34 nothing
410 4391 105 28 further
538 4397 47 29 yet
607 4393 66 28 than
694 4396 45 25 tho

109 4426 63 28 bare
188 4436 73 18 news
274 4427 60 27 tlmt
348 4437 15 17 a
376 4431 109 32 quarter
503 4429 30 27 of
543 4439 15 17 a
572 4430 104 28 million
690 4431 49 27 has

109 4463 68 30 been
200 4464 165 32 subscribed,
387 4475 29 17 so
435 4466 20 28 it
470 4467 23 27 is
506 4466 57 30 safe
583 4473 27 23 to
632 4478 107 19 assume

109 4503 62 29 that
195 4514 15 17 a
236 4504 51 28 fe'v
312 4503 110 29 months
447 4505 54 29 will
526 4516 44 18 see
600 4508 140 33 engineers

109 4541 112 37 looking
242 4551 64 19 over
328 4543 46 28 the
395 4544 107 28 various
524 4550 92 23 routes
638 4546 65 28 with
725 4556 16 18 a

112 4581 69 27 view
202 4581 30 27 of
242 4581 130 35 selecting
389 4582 47 28 the
459 4582 56 29 best
534 4586 28 25 to
583 4593 158 19 commence

111 4619 154 35 operations
278 4628 45 18 on.
360 4619 37 27 Of
412 4628 92 19 course
523 4629 133 27 everyone
677 4622 64 28 here

110 4656 138 30 considers
273 4657 42 28 his
340 4658 106 29 fortune
471 4659 118 33 assured,
616 4659 54 31 and
695 4659 45 31 the

110 4701 162 30 guarantors
294 4702 28 23 to
343 4698 45 26 the
408 4698 67 27 fund
506 4700 40 25 for
565 4699 113 34 sending
700 4700 42 27 his

112 4733 118 36 worship
244 4734 91 27 Home
348 4734 100 27 reckon
461 4735 71 27 their
549 4736 193 35 subscriptions

112 4781 46 18 are
172 4781 28 18 as
214 4771 69 36 good
302 4781 30 19 as
345 4771 100 37 repaid.
482 4773 36 27 At
540 4772 37 29 all
589 4778 94 24 events
696 4774 46 29 the

113 4814 139 33 prospects
277 4811 29 27 of
328 4811 46 28 the
399 4811 112 37 railway
536 4821 45 19 are
609 4818 48 24 not
680 4823 63 19 now

112 4849 84 37 likely
219 4854 26 24 to
267 4849 31 29 be
311 4850 47 27 left
374 4854 27 24 to
416 4850 45 28 the
475 4851 153 37 generosity
650 4852 30 28 of
697 4852 46 29 the

112 4890 88 33 Otago
225 4888 54 28 and
304 4888 142 29 Auckland
473 4890 147 33 M.H.K.'s,
643 4891 54 28 and
723 4892 21 28 it

113 4927 55 28 will
191 4927 64 36 only
279 4927 31 28 be
335 4927 158 30 retributive
514 4929 98 35 justice
636 4929 23 29 if
678 4930 66 36 they

111 4974 47 20 are
182 4965 151 37 compelled
356 4970 28 25 to
408 4971 138 24 construct
570 4967 71 29 their
663 4968 81 29 Great

114 5004 140 29 Northern
285 5005 54 29 and
369 5007 87 35 Otago
492 5005 110 30 C'eutral
633 5006 29 30 in
692 5006 52 30 like

112 5052 125 19 manner.

269 5139 55 20 THE
343 5139 142 21 CHAMPION
504 5140 79 20 MINE.

149 5179 35 27 At
198 5178 52 29 last
262 5179 45 28 the
320 5179 143 29 American
483 5188 131 26 manager
631 5179 50 28 has
699 5183 47 32 got

116 5217 42 28 his
172 5221 47 32 pot
232 5221 27 24 to
272 5217 62 34 boil,
349 5217 53 28 and
416 5226 98 28 copper
527 5217 49 28 has
593 5217 66 30 been
673 5218 56 28 flow-

115 5256 47 35 ing
175 5256 27 27 in
216 5259 69 26 tons.
323 5256 177 29 Enthusiasts
514 5266 48 26 say
576 5256 19 30 it
608 5257 50 28 has
671 5266 59 19 over-

116 5294 98 28 flowed
238 5295 46 27 the
306 5295 161 36 receptacles
492 5295 131 36 prepared
647 5297 41 27 for
711 5296 35 28 its

116 5340 127 27 stowage,
266 5333 54 27 and
333 5334 22 26 is
369 5342 61 18 now
452 5332 127 38 blocking
600 5333 46 29 the
668 5334 77 28 creek

116 5380 47 27 up,
186 5370 48 29 but
256 5371 74 28 there
349 5372 22 27 is
384 5381 35 19 no
440 5371 108 29 reliable
570 5372 174 28 information

117 5414 28 24 to
170 5411 113 27 confirm
307 5409 55 30 this
385 5414 55 32 yet.
476 5409 58 30 The
558 5411 108 29 furnace
692 5419 54 21 was

117 5449 112 35 stopped
255 5458 35 19 on
315 5449 125 37 Tuesday
461 5449 99 35 night;
580 5449 44 30 the
650 5459 94 20 reason

117 5487 64 35 why
206 5486 78 36 being
308 5487 64 36 kept
396 5498 15 17 a
433 5487 68 28 dead
526 5496 85 20 secret
638 5488 36 36 by
699 5488 47 28 the

118 5524 139 28 directors.
296 5525 12 27 I
322 5525 115 28 surmise
451 5525 112 28 because
582 5526 70 27 their
670 5526 77 28 stock

120 5563 29 27 of
160 5562 106 29 roasted
279 5572 44 18 ore
337 5562 49 29 has
400 5573 49 17 run
463 5569 55 22 out.
555 5564 62 28 And
631 5574 47 27 my
689 5574 42 27 pre-

120 5600 127 35 dictions,
272 5611 29 19 as
327 5605 27 25 to
379 5602 45 27 the
455 5602 146 37 capability
627 5605 29 26 of
677 5603 71 29 their

121 5645 133 30 tramway
278 5639 54 28 and
356 5639 98 35 rolling
480 5640 75 28 stock
579 5646 27 22 to
636 5641 35 27 do
701 5641 45 29 the

120 5677 75 30 work
215 5678 123 37 required
362 5679 29 27 of
407 5679 83 33 them,
514 5680 55 27 will
588 5680 105 36 shortly
717 5680 30 28 be

120 5717 160 28 confirmed.
316 5717 134 36 Anyhow,
469 5719 152 35 everybody
642 5719 107 33 (Korari

120 5755 137 38 included)
273 5757 21 28 is
308 5755 122 38 gratified
444 5761 28 24 at
485 5757 45 29 the
550 5758 53 28 fact
623 5757 60 30 that
704 5757 45 29 the

121 5801 114 22 venture
249 5795 58 29 has,
321 5805 30 17 so
364 5796 49 30 far,
428 5795 99 35 proved
540 5806 15 17 a
569 5806 113 19 success,
697 5796 52 27 and

122 5834 12 28 I
149 5842 45 20 Hin
208 5842 60 19 sure
283 5834 68 30 that,
375 5835 73 26 what
466 5833 66 28 with
553 5833 56 29 this
630 5833 52 29 and
705 5833 44 29 the

118 5879 125 32 prospect
271 5875 26 27 ot
322 5873 45 29 the
393 5873 97 36 speedy
516 5879 233 24 commencement

754 220 30 29 of
793 220 46 29 the
864 221 74 29 West
954 222 81 29 Coast
1050 222 133 37 Railway,
1196 223 55 28 ami
1273 223 46 29 the
1340 223 33 28 im-

756 259 100 35 proved
870 268 168 27 appearance
1051 262 30 25 of
1092 261 46 27 the
1149 261 106 33 mining
1265 261 124 35 industry

756 298 27 28 in
815 298 119 35 general,
960 298 60 29 that
1048 298 98 30 Nelson
1175 300 48 28 has
1256 305 49 24 not
1336 299 53 30 had

756 347 28 18 so
798 336 98 39 cheery
911 348 15 18 a
939 337 62 29 look
1016 337 82 30 about
1111 340 20 27 it
1144 339 40 29 for
1197 347 88 28 years.

938 422 106 20 EASTKR
1063 420 145 22 HOLIDAYS.

790 461 57 30 The
877 461 127 37 holidays
1037 473 68 19 were
1136 460 79 33 m*de
1252 464 135 36 thorough

756 497 126 39 holidays
906 501 36 35 by
968 501 102 28 Nelson
1097 502 103 36 people.
1238 502 60 27 The
1321 500 68 30 local

756 539 165 30 steamboats
944 548 69 20 were
1033 538 49 31 full
1105 540 30 29 of
1154 539 155 30 volunteers
1334 540 55 29 and

756 576 191 31 excursionists
958 588 5 23 ;
982 579 44 27 the
1036 576 70 31 train
1115 586 56 21 Was
1181 579 189 28 overcrowded
1382 587 8 26 ;

757 617 52 28 and
824 625 83 28 every
927 617 104 29 vehicle
1051 618 70 28 from
1134 625 81 28 every
1234 615 87 31 stable
1334 627 55 19 was

757 661 48 22 out
825 656 177 27 somewhere.
1039 656 87 28 There
1140 664 56 19 was
1214 665 15 17 a
1249 656 140 35 prevalent

757 693 60 29 idea
830 703 101 25 among
944 702 106 20 owners
1062 693 29 29 of
1107 693 205 29 breechloaders
1331 694 61 28 that

757 733 46 29 the
825 742 95 19 season
943 733 28 29 of
988 733 47 29 the
1048 743 67 27 year
1137 743 55 18 was
1213 732 115 30 suitable
1351 733 42 29 for

757 771 117 33 burning
897 773 118 34 powder,
1030 773 53 26 and
1098 772 100 28 West's
1219 772 52 27 Old
1294 772 95 29 Stand,

757 809 28 28 in
813 809 80 28 lower
919 809 98 33 Bridge
1048 810 99 31 Street,
1178 818 56 19 was
1258 809 133 35 thronged

759 848 63 27 with
848 847 159 37 purchaser's
1031 848 31 27 of
1083 847 149 34 cartridges
1256 848 55 28 and
1341 851 46 25 cut

758 885 107 29 tobacco
888 895 33 19 on
945 886 46 28 the
1005 886 137 34 Saturday
1164 885 88 34 night.
1289 886 38 28 As
1351 895 26 19 re-

757 924 67 30 sults
847 924 69 30 have
931 926 73 28 since
1024 925 95 29 shown
1139 924 76 30 there
1236 933 68 20 were
1326 935 46 19 con-

757 963 134 34 siderably
929 973 75 18 more
1044 964 148 35 cartridges
1230 963 58 27 sold
1319 964 68 26 than

757 1001 111 36 pigeons
890 1000 182 35 slaughtered.
1109 1001 59 28 One
1189 1003 89 33 party,
1300 999 73 29 deter-

758 1039 92 29 mined
863 1044 27 24 to
904 1049 81 27 prove
997 1039 61 30 that
1071 1039 47 29 the
1130 1039 74 37 early
1222 1037 59 30 bird
1300 1039 89 29 would

757 1079 56 26 find
844 1078 46 27 the
915 1087 95 22 worm,
1038 1078 53 27 and
1121 1079 63 26 that
1213 1077 47 28 the
1290 1077 96 27 earlier

758 1120 153 32 sportsman
925 1115 89 28 would
1027 1115 71 28 fetch
1112 1115 46 28 the
1171 1114 68 33 bird,
1253 1114 47 29 left
1312 1119 73 24 town

757 1159 28 22 at
806 1153 146 32 midnight,
973 1162 37 18 on
1032 1154 152 35 Saturday;
1205 1152 132 28 travelled
1358 1157 28 23 to

757 1191 46 27 the
826 1191 50 27 ltai
897 1190 96 36 Valley
1006 1191 66 27 with
1086 1199 14 19 a
1119 1195 60 32 trap
1201 1190 64 28 with
1288 1199 16 19 a
1325 1199 45 27 cap-

758 1229 71 36 acity
843 1229 40 28 for
901 1229 116 37 stowing
1029 1229 52 29 five
1095 1228 136 30 thousand
1251 1228 51 30 five
1317 1228 51 30 hun-

758 1268 64 29 dred
837 1270 126 34 pigeons;
982 1269 71 36 slept
1073 1274 48 23 out
1135 1273 54 24 two
1207 1267 102 35 nights,
1332 1267 54 29 and

758 1306 126 28 returned
905 1306 115 27 without
1033 1315 16 19 a
1072 1306 114 33 feather,
1207 1306 55 27 and
1281 1309 109 32 strange

758 1347 27 25 to
810 1353 48 25 say
883 1344 66 36 they
979 1344 88 29 did'nt
1096 1344 91 28 blame
1217 1342 45 30 old
1292 1343 99 29 West's

759 1383 108 37 powder
888 1392 28 19 as
938 1382 80 35 being
1031 1383 47 28 the
1098 1392 81 20 cause
1201 1383 30 28 of
1246 1382 71 29 their
1335 1382 54 29 bad

758 1422 71 28 luck.
865 1422 14 27 I
900 1426 73 24 went
994 1422 66 28 with
1081 1431 16 19 a
1114 1421 89 29 friend
1222 1426 28 24 to
1270 1421 46 29 the
1345 1421 46 29 old

761 1459 193 29 Wukamariua
978 1459 131 36 diggings.
1147 1460 49 35 My
1222 1459 84 29 chum
1334 1468 55 19 was

758 1498 128 29 innocent
907 1498 30 29 of
954 1498 45 30 the
1015 1507 129 21 manners
1161 1497 55 30 and
1229 1502 121 25 customs
1363 1497 31 30 of

758 1537 46 27 the
817 1537 125 33 guileless
954 1537 129 28 fossicker
1097 1547 34 18 on
1145 1546 35 19 an
1196 1536 45 28 old
1254 1536 135 37 diggings.

761 1575 46 29 We
820 1575 54 28 had
884 1575 57 37 just
954 1578 45 34 got
1013 1584 49 20 our
1074 1574 137 30 breakfast
1224 1578 28 26 at
1262 1573 47 31 the
1322 1574 64 38 pub,

758 1624 35 17 an
802 1615 9 27 1
825 1624 69 18 were
908 1614 102 36 having
1021 1624 15 18 a
1050 1624 68 26 yarn
1131 1613 66 29 with
1220 1621 50 20 our
1288 1612 101 30 buxom

757 1651 115 35 hostess,
892 1652 79 29 when
993 1661 36 20 an
1050 1650 45 31 old
1309 1660 78 21 came

758 1690 28 29 in
809 1690 67 30 with
898 1702 16 17 a
933 1695 134 32 prospect,
1085 1690 56 29 and
1159 1690 85 29 asked
1262 1693 17 13 44
1292 1690 29 29 Is
1334 1690 56 29 this

757 1728 69 33 good
857 1728 107 35 enough
994 1728 42 29 for
1067 1738 16 19 a
1118 1731 80 34 quart
1208 1729 14 27 ?

757 1769 17 13 44
787 1766 84 30 Don't
901 1766 80 31 think
1105 1765 102 40 replied
1243 1765 58 37 she,
1332 1765 54 32 and

757 1806 122 35 weighed
897 1808 29 26 it.
964 1810 16 12 44
992 1807 74 35 Only
1084 1810 46 25 ten
1149 1806 144 37 pennorth,
1306 1806 79 33 Jack,

756 1843 49 29 but
827 1844 43 28 I'll
893 1844 38 28 let
952 1852 55 28 you
1028 1844 39 29 off
1085 1844 56 29 this
1271 1845 55 27 and
1338 1844 49 28 she

757 1881 158 31 ministered
928 1886 68 26 unto
1009 1883 46 29 the
1069 1888 87 24 wants
1173 1883 27 29 of
1219 1882 47 30 the
1286 1882 100 38 thirsty

757 1923 67 26 soul.
863 1921 48 37 My
923 1922 56 36 city
992 1922 87 28 friend
1090 1921 97 30 looked
1199 1931 36 18 on
1245 1923 27 27 in
1283 1931 89 20 amaze-

757 1964 86 28 ment,
865 1959 54 28 and
944 1959 158 37 innocently
1114 1959 84 29 asked
1211 1960 23 29 if
1252 1959 62 30 that
1334 1969 57 19 was

757 1996 46 29 the
817 1997 78 29 usual
909 2006 61 28 way
984 1998 30 28 of
1025 1997 103 38 paying
1147 1998 42 28 for
1207 1997 103 29 drinks.
1346 1997 46 29 He

758 2046 54 20 was
836 2036 132 31 informed
989 2036 61 31 that
1076 2038 22 29 it
1121 2047 56 20 was
1202 2037 46 30 the
1274 2038 70 37 style
1365 2037 29 30 of

757 2076 92 34 things
863 2077 27 27 in
904 2077 61 27 that
977 2076 214 35 neighborhood,
1216 2076 64 33 and,
1304 2086 70 19 more-

757 2123 72 24 over,
855 2113 59 30 that
937 2113 46 31 the
1009 2114 142 30 fossickers
1178 2113 56 31 had
1262 2125 18 20 o
1283 2115 9 13 r
1293 2118 44 27 ten
1363 2119 28 26 to

757 2153 173 38 supplement
957 2153 47 29 the
1029 2158 125 33 prospect
1178 2153 91 30 before
1290 2155 21 28 it
1335 2163 56 19 was

758 2191 69 37 good
849 2191 107 38 enough
978 2193 41 29 for
1040 2203 16 19 a
1069 2192 98 39 liquor.
1204 2192 45 30 He
1270 2192 118 35 thought

759 2232 33 28 lie
805 2232 78 28 knew
897 2232 43 28 his
952 2241 61 26 way
1031 2231 93 34 about,
1143 2231 48 29 did
1212 2232 55 28 this
1285 2233 88 34 gentle-

758 2279 75 25 man,
847 2269 48 30 but
908 2269 54 30 this
977 2269 125 29 business
1114 2269 125 30 knocked
1253 2270 69 34 him,
1335 2269 54 30 and

759 2308 33 29 he
806 2308 93 37 gently
912 2309 170 33 murmured,
1101 2313 17 13 44
1131 2308 80 35 Well,
1225 2309 52 28 I'm

759 2347 54 28 and
826 2347 134 28 subsided.
1234 2347 121 28 Korari.

783 2423 208 37 [Continuation
1004 2424 30 29 of
1046 2424 89 32 News,
1149 2433 44 20 see
1211 2424 49 28 4th
1274 2423 95 37 Page.]

1377 74 117 43 THE
1549 72 185 43 LYELL
1785 71 185 46 TIMES,
2026 67 309 52 SATURDAY,
2391 71 115 43 MAY
2563 84 28 37 t,
2648 75 104 40 1886.

933 2497 119 31 Public
1069 2498 154 31 Notioes.

785 2576 103 30 BANK
906 2577 47 28 OF
972 2577 90 29 NEW
1083 2577 127 29 SOUTH
1228 2577 142 29 WALES.

776 2698 24 28 A
820 2698 24 27 N
859 2698 98 28 Officer
974 2698 71 29 from
1059 2698 47 30 the
1125 2697 75 29 West
1202 2701 61 34 port
1280 2697 111 29 Branch

853 2751 31 29 of
893 2749 54 31 this
958 2750 73 30 BAN
1038 2750 23 30 K
1069 2749 56 31 will
1134 2751 63 29 visit
1205 2749 78 40 Lyell
1293 2751 41 29 for
1345 2749 48 32 the

759 2810 114 28 purpose
887 2803 27 28 ol
927 2804 171 35 transiting
1109 2805 137 27 Gknbral
1259 2804 133 28 Banking

758 2853 146 34 Businksb,
942 2863 36 20 on
1011 2853 216 36 THURSDAY,
1257 2854 49 31 the
1346 2854 49 30 6th

759 2907 88 33 MAY,
891 2907 53 29 and
989 2907 108 31 remain
1146 2908 41 30 till
1239 2908 153 35 FRIDAY,

758 2962 136 34 morning,
925 2960 49 30 7th
1002 2961 75 35 May.

757 3046 78 29 THE
868 3045 191 31 NATIONAL
1089 3046 105 28 BANK
1223 3046 50 29 OF
1305 3047 90 29 NEW

880 3097 187 36 ZEALAND,
1092 3097 180 32 LIMITED.

760 3222 120 28 nnilis
897 3220 101 30 BANK
1006 3221 56 29 will
1068 3220 33 30 be
1108 3221 156 29 OPENED
1277 3226 29 26 to
1317 3222 77 30 BUY

849 3274 101 28 GOLD
971 3273 55 29 and
1044 3274 194 29 TRANSACT
1256 3275 139 28 General

762 3326 173 31 BANKING
965 3325 188 31 BUSINESS
1185 3330 29 26 at
1249 3326 80 39 Lyell
1360 3336 37 22 on

762 3380 208 32 SATURDAY,
993 3380 49 27 Bth
1067 3380 54 35 day
1145 3380 30 26 of
1197 3380 89 31 MAY,
1310 3380 88 28 nnder

763 3431 44 30 the
839 3431 99 36 charge
969 3430 31 30 of
1028 3430 47 30 the
1106 3430 118 30 Reefton
1255 3431 143 39 Manager,

764 3483 23 28 I.
807 3483 98 29 Lewis.

1057 3536 44 31 W.
1122 3537 170 35 DYMOCK,

1210 3589 152 37 Inspector.

868 3711 34 28 V.
1009 3706 150 67 0®
1265 3712 36 30 «•

766 3801 229 29 INANGAHUA
1030 3801 155 29 COUNTY
1220 3801 180 30 COUKCIL.

955 3895 249 30 NOTICE.

767 3989 107 59 IJIIIE
894 3989 225 29 ELECTORAL
1145 3989 121 31 ROLLS
1291 3990 42 29 for
1352 3990 48 29 the

862 4041 108 37 County
979 4041 30 29 of
1016 4040 163 38 Inangahua
1188 4040 58 30 will
1253 4041 33 29 be
1296 4042 23 30 0
1325 4041 70 30 PEN

766 4094 41 27 for
825 4094 138 27 PUBLIC
974 4093 228 29 INSPECTION
1211 4097 30 25 at
1248 4093 37 29 all
1293 4103 95 19 reason

766 4145 60 32 able
839 4146 91 34 hours,
943 4146 70 30 from
1027 4145 47 31 the
1087 4145 66 32 27th
1166 4145 55 39 day
1233 4145 32 32 of
1278 4145 123 36 APRIL,

766 4199 70 28 until
849 4199 46 27 the
910 4199 63 28 15th
986 4198 54 36 day
1053 4198 31 29 of
1094 4198 89 33 MAY,
1207 4199 77 33 1886,
1305 4202 30 24 at
1355 4197 47 29 the

767 4250 137 36 following
917 4250 141 37 places:—

802 4304 131 28 Reefton
954 4301 255 31 Riding—Council
1240 4301 161 36 Chambers,

872 4342 122 31 Reefton.

802 4396 122 28 Murray
954 4395 255 27 Riding—Council
1241 4394 160 31 Chambers,

871 4432 122 32 Reefton,
1007 4432 55 28 and
1075 4437 28 23 at
1117 4432 44 28 Mr
1179 4432 105 36 Craig's
1306 4432 95 33 Hotel,

870 4470 110 29 Black's
994 4470 90 29 Point.

801 4523 203 29 Crushington
1023 4523 256 29 Riding—Council
1301 4523 80 28 Cham-

870 4561 70 34 bers,
971 4561 126 34 Reefton,
1127 4561 55 29 and
1207 4565 30 25 at
1263 4561 43 28 Mr
1332 4561 52 29 Rox-

871 4599 148 36 borough's
1032 4600 95 32 Hotel,
1137 4599 197 36 Crushington.

802 4651 152 31 Antonio's
967 4651 257 30 Riding—Council
1242 4650 160 35 Chambers,

872 4692 125 31 Reefton,
1032 4691 54 29 and
1122 4696 29 23 at
1182 4692 44 26 Mr
1258 4692 146 27 Loubere's

872 4729 158 32 Residence,
1044 4729 145 27 Antonio's
1203 4728 72 28 Flat.

804 4780 161 32 Boatman's
980 4779 254 28 Riding—Council
1244 4778 160 34 Chambers,

873 4819 126 33 Reefton*
1013 4818 54 29 and
1079 4822 30 25 at
1118 4817 147 38 Gallagher
1275 4817 131 31 Brothers

874 4859 86 32 Htore,
975 4857 156 37 Capleston.

805 4911 143 29 Hampden
968 4909 258 29 Riding—Council
1243 4909 161 34 Chambers,

874 4949 126 33 Reefton,
1014 4947 55 30 and
1091 4952 29 25 at
1140 4947 44 30 Mr
1205 4948 88 30 Rait's
1314 4948 91 34 iiotel,

876 4987 168 30 Murchison.

911 5083 136 29 General
1065 5082 203 29 Information.

807 5137 63 38 Any
897 5146 99 28 person
1027 5136 62 29 who
1124 5137 138 28 considers
1298 5135 112 30 himself

773 5188 144 38 aggrieved
931 5188 35 38 by
978 5188 43 29 his
1034 5197 62 20 own
1110 5197 82 20 name
1204 5196 31 20 or
1247 5187 63 30 that
1316 5188 31 28 of
1354 5198 54 27 any

774 5242 79 29 other
863 5250 96 28 person
973 5241 80 36 being
1065 5240 111 29 entered
1189 5248 46 26 on,
1247 5249 32 20 or
1291 5240 115 29 omitted

773 5295 68 28 from
863 5294 46 28 the
930 5293 62 29 Roll
1013 5295 26 26 of
1059 5294 47 27 the
1128 5292 110 36 Riding,
1258 5302 31 19 or
1307 5291 36 38 by
1362 5292 47 29 the

773 5346 116 29 number
902 5346 30 28 of
942 5349 76 25 votes
1030 5344 115 30 allotted
1158 5349 28 25 to
1199 5344 59 29 him
1270 5354 31 19 or
1314 5348 28 26 to
1353 5353 55 28 any

773 5400 80 29 other
865 5408 97 28 person
975 5397 113 30 thereon
1101 5397 82 38 being
1192 5407 76 20 more
1281 5407 31 19 or
1329 5397 81 29 fewer

773 5452 68 29 than
856 5452 60 28 that
929 5457 26 23 to
966 5450 89 30 which
1064 5450 35 29 he
1108 5459 32 20 or
1149 5450 66 29 such
1224 5450 79 29 other
1312 5459 97 28 person

773 5506 23 26 is
809 5504 113 29 entitled
935 5513 74 26 may,
1023 5511 35 19 on
1072 5511 31 19 or
1114 5502 91 29 before
1218 5501 47 29 the
1277 5503 59 27 31st
1356 5501 54 37 day

774 5560 27 24 ot
816 5556 64 36 May
900 5554 81 37 apply
1002 5554 42 29 for
1064 5553 79 29 relief
1162 5557 28 25 to
1209 5553 48 29 the
1280 5551 130 30 Resident

776 5607 182 34 Magistrate's
971 5607 85 28 Court
1067 5605 88 30 which
1169 5605 25 29 is
1204 5608 108 26 nearest
1325 5608 29 25 to
1363 5603 47 30 the

776 5659 75 38 place
876 5658 90 29 where
990 5657 47 31 the
1061 5657 63 30 Roll
1148 5657 31 30 of
1200 5656 47 31 the
1268 5655 103 39 Riding
1388 5656 22 29 is

776 5715 73 36 kept.

811 5767 90 29 Dated
915 5767 54 29 this
982 5765 72 30 22nd
1067 5765 53 37 day
1133 5765 31 30 of
1169 5763 87 39 April,
1267 5765 75 29 1886.

986 5816 171 30 WILLIAM
1177 5815 166 34 NOONAN,

1164 5869 110 35 County
1287 5867 89 30 Clerk.

1588 207 119 34 Pdblic
1731 206 151 34 Notices.

1421 287 162 43 FERN
1631 286 154 43 FLAT
1832 282 219 49 HOTEL,

1579 352 124 30 UFPER
1734 348 163 32 BULLEII.

1420 455 109 62 TIIE
1544 453 85 33 above
1642 455 177 30 well-known
1834 453 74 29 hotel
1927 452 24 29 is
1973 452 80 34 again

1510 493 87 29 under
1607 494 45 28 the
1663 497 194 31 management
1865 492 29 27 of
1905 492 44 27 Mr
1960 490 94 29 Alfred

1421 533 101 35 Smith,
1532 533 46 30 the
1592 534 101 29 former
1705 532 157 38 proprietor.

1454 639 92 36 Every
1559 637 237 30 accommodation
1804 634 55 31 and
1872 635 182 30 convenience

1420 677 40 28 for
1473 677 140 28 travellers
1626 676 118 29 between
1760 675 46 29 the
1820 675 76 27 West
1908 674 82 27 Coast
2000 673 54 28 and

1421 715 111 35 Nelson,
1554 715 149 38 Hampden
1727 710 180 37 Matakitaki,,
1922 712 131 38 Gleuroy,

1422 756 114 32 Maruia,
1550 755 54 28 and
1617 755 46 28 the
1676 756 84 27 Oweli
1776 754 87 28 Reefs.

1421 865 160 31 Newman's
1595 865 89 35 Royal
1707 867 67 28 Mail
1795 867 71 27 Line
1885 865 29 28 of
1931 864 123 29 Coaches

1454 905 81 30 msihe
1560 907 55 29 this
1637 898 137 46 iiostelery
1793 906 47 29 the
1863 905 57 29 first
1942 904 78 37 day's

1489 950 75 31 stage
1577 947 70 27 from
1659 943 75 31 West
1742 947 83 27 Coast
1835 948 27 25 to
1873 945 111 28 Nelson.

1452 1057 126 28 Tourists
1590 1066 51 19 can
1655 1056 32 28 be
1701 1056 131 36 provided
1845 1056 65 28 with
1922 1065 82 24 every
2014 1065 26 17 re-

1418 1094 156 35 quirement
1586 1096 41 26 for
1639 1095 111 33 visiting
1763 1095 46 27 the
1824 1094 75 27 lakes
1911 1093 55 28 and
1979 1102 56 26 mag-

1418 1132 113 28 nificent
1543 1131 183 36 surrounding
1738 1137 125 31 country.

1453 1170 104 27 Horses
1571 1170 54 27 and
1643 1171 147 35 equipages
1803 1180 16 17 a
1832 1168 152 37 speciality.

1601 1230 189 39 ALFRED
1813 1229 163 48 SMITH,

1854 1275 165 35 Proprietor.

1673 1359 157 42 WOLF
1875 1357 37 43 &
1957 1357 97 49 CO.,

1737 1460 170 20 WHOLESALE
1938 1460 55 19 AND

1811 1498 101 22 RETAIL

1522 1647 113 30 Dealers
1649 1647 28 29 in
1691 1646 37 30 all
1741 1646 181 38 descriptions
1935 1645 31 30 of

1435 1696 106 28 FARM
1577 1697 79 27 AND
1692 1696 120 28 DAIRY
1849 1693 189 30 PRODUCE.

1418 1773 100 33 Hotels
1526 1772 56 31 and
1595 1772 131 31 Families
1734 1771 99 32 waited
1847 1781 35 21 on
1896 1771 41 30 for
1945 1770 109 31 Orders.

1451 1850 102 31 Orders
1571 1849 139 30 delivered
1729 1853 28 26 to
1779 1849 38 29 all
1838 1851 75 35 parts
1926 1857 15 20 o
1973 1848 47 29 the

1677 1889 124 29 District.

1591 1966 74 29 Note
1679 1966 48 29 the
1741 1966 124 28 Address

1516 2022 77 33 W0
1613 2023 24 30 L
1656 2022 23 31 F
1750 2021 114 31 AND
1945 2020 92 36 CO.,

1471 2083 74 31 Next
1567 2082 49 29 the
1640 2082 192 28 Government
1849 2079 155 36 Buildiugs,

1565 2130 87 31 Cliff
1672 2130 120 33 Street,
1812 2128 104 30 Lyell.

1421 2224 209 40 BROWN'S
1651 2224 119 38 BOOT
1797 2222 260 39 EMPORIUM

1672 2280 135 32 LYELL.

1420 2426 34 29 V
1470 2436 10 13 •
1518 2432 150 24 customers
1698 2427 42 28 for
1769 2431 63 31 past
1860 2425 120 33 favours,
2003 2424 55 28 and

1421 2465 106 38 hoping
1552 2465 42 29 for
1615 2475 17 19 a
1654 2465 182 28 continuance
1856 2463 31 30 of
1904 2462 48 30 the
1971 2471 85 23 same,

1421 2504 99 28 wishes
1532 2508 47 24 too
1591 2504 53 28 call
1657 2503 72 29 their
1748 2502 136 28 attention
1897 2504 29 25 to
1939 2500 45 28 his
1997 2509 61 19 new

1421 2542 78 30 stock
1520 2542 31 29 of
1573 2542 109 30 Ladies'
1708 2540 98 30 Maids'
1828 2539 56 30 and
1903 2539 155 29 Children's

1421 2582 87 27 Boots
1528 2582 30 26 in
1579 2586 79 31 great
1679 2580 114 36 variety.
1830 2579 76 31 Also,
1920 2578 44 28 his
1981 2578 77 35 large

1422 2619 56 29 and
1491 2618 95 30 varied
1600 2618 79 29 stock
1690 2617 31 30 of

1423 2672 120 38 Men.s,
1555 2671 143 31 Youths'
1710 2670 28 31 6c
1751 2670 92 37 Boys
1844 2669 7 15 1
1868 2669 107 31 Boots
1988 2667 70 32 and

1680 2704 119 33 Shoes.

1423 2808 88 29 Fresh
1523 2807 94 29 Goods
1630 2807 120 36 arriving
1770 2806 136 35 monthly,
1919 2805 90 29 which
2023 2804 35 29 he

1457 2845 23 30 is
1492 2846 117 35 offering
1621 2849 30 26 at
1664 2845 87 38 prices
1764 2848 28 26 to
1802 2845 54 28 suit
1870 2843 47 30 the
1931 2843 91 30 times.

1423 2885 45 29 All
1492 2885 139 38 imported
1664 2884 86 37 goods
1779 2883 117 30 marked
1925 2883 28 29 in
1982 2881 76 39 plain

1683 2923 112 37 figures.

1458 3001 130 29 N.B.—A
1599 3001 102 37 supply
1712 3001 31 29 of
1764 3000 89 29 North
1866 2999 104 28 British
1985 3000 73 27 Gum

1423 3040 85 28 Boots
1534 3039 55 28 and
1613 3040 71 27 Own
1710 3038 83 29 Make
1812 3038 182 35 Watertights
2019 3038 24 28 al-

1423 3087 73 28 ways
1509 3086 37 21 on
1558 3076 86 30 hand.

1458 3116 116 37 Repairs
1586 3115 142 38 promptly
1737 3114 132 32 executed
1882 3114 56 30 and
1949 3114 109 30 elastics

1423 3154 132 30 inserted.

1450 3231 71 30 Note
1534 3231 48 30 tlie
1592 3231 120 29 Address
1720 3230 143 30 :-JOHN
1885 3229 148 35 BROWN,

1423 3278 90 32 Boot
1535 3278 29 33 &
1590 3278 211 33 Shoemaker
1821 3278 29 31 &
1879 3278 179 38 Importer,

1487 3324 142 39 (Opposite
1644 3323 79 30 Bank
1736 3323 31 30 of
1777 3323 67 30 New
1858 3323 141 36 Zealand.)

1543 3403 187 40 JAMES
1770 3403 172 43 RYAN,

1428 3492 88 66 Q.E
1524 3492 88 31 NER
1619 3492 24 31 A
1649 3492 24 31 L
1746 3491 315 65 gTOREKEEPER,

1574 3570 89 30 Cliff
1685 3570 121 35 Street,
1825 3570 86 29 Lyel.

1427 3728 93 27 Goods
1532 3727 135 35 carefully
1679 3726 105 36 packed
1797 3730 28 24 to
1838 3726 37 33 alj
1888 3729 76 32 parts
1976 3727 30 26 of
2016 3727 45 26 the

1683 3763 117 32 district.

1444 3935 104 29 BANK
1569 3934 111 29 PRICE
1699 3934 120 28 GIVEN
1840 3934 74 28 FOR
1933 3934 111 28 GOLD.

1446 4015 360 39 WELCOME
1876 4015 167 46 INN,

1689 4073 105 28 Lyell.

1538 4164 154 33 ELLEN
1721 4163 235 33 WILLIAMS

1430 4214 61 61 li*
1517 4214 145 35 returning
1679 4212 102 29 thanks
1798 4213 42 27 for
1862 4217 61 31 past
1944 4212 118 33 favours,

1502 4252 65 36 begs
1584 4255 29 26 to
1632 4251 101 29 inform
1750 4251 50 29 her
1818 4250 103 29 friends
1940 4250 55 29 and
2017 4250 46 28 the

1429 4290 91 38 public
1539 4290 62 30 that
1621 4290 49 29 she
1694 4289 51 29 has
1766 4290 57 37 just
1845 4289 155 38 completed
2019 4298 29 18 ex-

1430 4331 103 29 tensive
1552 4329 138 31 additions
1712 4328 56 30 and
1786 4328 161 30 alterations
1968 4334 28 24 to
2015 4328 49 29 her

1430 4370 141 37 premises,
1590 4369 55 30 and
1664 4370 46 28 the
1733 4368 208 30 accomodation
1960 4368 24 29 is
2001 4378 61 18 now

1647 4407 192 35 unsurpassed.

1430 4483 73 36 Ales,
1528 4483 104 34 Wines,
1653 4483 56 30 and
1731 4482 98 38 Spirits
1855 4482 29 29 of
1907 4481 157 31 First-class

1603 4522 111 36 Quality
1728 4522 64 35 only
1805 4522 74 36 kept.

1499 4599 79 29 Good
1596 4598 125 34 Stabling
1740 4598 253 28 Accommodation.

1603 4659 128 31 ELLEN
1755 4658 206 36 WILLIAMS,

1811 4699 103 26 PIiOPUI
1919 4707 111 18 KTRKSS.

1491 4778 218 39 FORSYTH
1730 4779 27 37 &
1782 4776 229 47 MASTERS,

1430 4846 294 64 WHOLESALE
1752 4847 21 26 &
1802 4845 140 28 RETAIL
1962 4845 82 29 IRON-

1655 4883 191 32 MONGERS,

1583 4939 169 32 Broadway,
1773 4937 143 33 Rkefton,

1434 4992 79 29 Have
1526 5001 37 19 on
1575 4991 75 29 hand
1669 4990 135 37 imported
1825 4990 85 28 direct
1928 4990 69 27 from
2021 4990 46 29 the

1485 5031 92 28 Home
1591 5030 130 32 markets,
1735 5039 14 17 a
1763 5030 87 31 Large
1863 5028 54 29 and
1933 5029 64 29 Weil-

1618 5068 122 28 assorted
1761 5068 82 27 Stock
1857 5068 29 27 of

1434 5130 167 39 Builders'
1616 5129 220 48 Furnishing,
1850 5129 136 48 Mining
2000 5130 68 37 and

1540 5191 146 39 General
1709 5191 255 47 Ironmongery,

1436 5269 99 29 Which
1557 5268 66 36 they
1643 5277 45 20 are
1709 5267 132 37 prepared
1865 5271 28 24 to
1915 5267 49 28 sell
1987 5274 26 21 to
2027 5277 26 18 re-

1446 5308 105 28 sidents
1563 5307 29 29 of
1603 5305 76 38 Lyell
1693 5310 29 25 at
1731 5305 152 36 extremely
1895 5306 51 28 low
1960 5306 96 36 prices.

1437 5411 153 30 Bickford'R
1603 5411 81 33 Fuse,
1698 5409 92 30 Hall's
1806 5409 126 34 Blasting
1946 5409 123 34 Powder,

1436 5452 123 28 Octagon
1573 5450 82 33 Steel,
1669 5450 91 27 Ames'
1782 5448 125 33 Shovels,
1930 5447 66 29 Pick
2015 5448 54 27 and

1437 5491 138 27 Hammer
1587 5487 134 30 Handles,
1735 5487 55 31 &c.,
1801 5492 96 28 agents
1909 5487 40 27 for
1959 5486 112 29 Nobel's

1673 5524 161 36 Dynamite.

1438 5588 159 32 Furniture,
1628 5585 134 33 Bedding.
1794 5584 113 34 Lamps,
1949 5583 121 37 Cutlery,

1438 5627 172 36 Carpenters'
1624 5623 91 32 Tools,
1733 5623 104 29 Paints,
1860 5622 66 32 Oils,
1949 5623 122 31 Colours,

1576 5663 94 36 Fancy
1682 5661 91 33 Ware,
1786 5661 63 35 &c.;
1867 5661 67 33 also,

1442 5718 23 28 A
1479 5717 87 35 Large
1578 5716 175 28 Assortment
1771 5714 29 27 of
1817 5713 166 28 Galvanised
1996 5713 75 33 Iron,

1543 5756 144 28 Bessemer
1699 5752 54 29 and
1773 5752 103 38 Plough
1897 5752 74 30 Steel

1630 5809 103 28 WIRE
1754 5809 128 27 ROPES.

1544 5863 60 28 SSS
1634 5861 175 30 OCTAGON
1839 5861 128 30 STEEL.

2588 204 119 33 Public
2736 205 151 32 Notices.

2098 467 100 51 m
2226 457 335 63 'B6—AUTUMN

2121 514 80 41 ■*xf

2597 461 33 58 4
2663 461 175 58 WHITER
2879 458 368 61 DRAPERY—'B6.
3275 456 103 53 m

2354 605 247 64 JOHN
2662 605 454 64 EENNELL

2090 709 61 32 Has
2163 710 84 31 much
2269 711 124 39 pleftsuro
2412 713 29 29 in
2462 712 176 37 announcing
2657 715 28 26 to
2705 711 46 30 the
2773 710 172 31 inhabitants
2966 711 30 30 of
3017 710 79 38 Lyell
3121 710 55 30 and
3201 710 184 38 surrounding

2465 752 119 28 districts
2607 752 46 28 the
2676 752 101 27 arrival
2802 752 30 27 of
2848 762 15 17 a
2883 751 125 28 LARGE

2602 1010 272 32 COMPRISING—

2128 1086 94 40 The
2246 1087 157 39 Latest
2426 1086 226 40 Novelties
2671 1086 85 38 and
2780 1082 213 41 Fashions
3014 1082 39 38 in
3078 1082 165 38 Ladies'
3264 1082 85 38 and

2434 1141 153 40 Gents'
2617 1138 207 49 Wearing
2843 1137 200 49 Apparel,

2093 1229 67 33 And
2185 1228 105 33 invites
2313 1239 39 22 an
2375 1228 165 42 inspection
2565 1227 31 33 of
2618 1227 50 33 the
2692 1237 91 27 same,
2808 1226 108 41 feeling
2941 1235 67 23 sure
3033 1225 66 33 that
3123 1226 43 32 for
3195 1225 191 38 VARIETY,

2241 1274 190 38 QUALITY,
2448 1274 57 29 and
2521 1272 138 31 VALUE
2676 1272 69 40 they
2761 1271 160 31 CANNOT
2936 1270 36 31 be
2989 1270 248 32 SURPASSED.

2095 1457 137 39 Ladies'
2271 1458 71 38 and
2377 1457 198 40 Children''s
2625 1454 215 41 WINTER
2885 1452 143 39 HATS
3067 1451 37 38 in
3146 1451 51 38 all
3240 1451 143 52 Shapes.

2129 1651 107 30 Ladies'
2253 1648 155 31 WINTER
2421 1648 164 31 JACKETS
2599 1646 54 32 and
2666 1646 116 32 CAPES
2796 1648 28 29 in
2838 1648 35 31 all
2886 1648 47 29 the
2945 1648 108 31 Newest
3068 1648 104 39 Shapos
3186 1649 54 29 and
3254 1649 97 39 Styles.

2239 1726 86 38 New
2346 1725 191 39 Feathers!
2578 1724 87 38 New
2686 1724 174 38 Flowers!
2902 1724 87 39 New
3011 1725 229 49 Trimmings!

2190 1809 48 31 All
2266 1809 50 32 the
2345 1809 94 31 NEW
2467 1808 59 31 and
2554 1806 289 33 FASHIONABLE
2873 1808 166 31 WINTER
3066 1808 133 31 DRESS
3222 1807 163 35 STUFFS,

2395 1882 67 33 And
2483 1882 235 34 TRIMMINGS
2741 1883 31 33 of
2790 1894 86 31 every
2897 1882 187 42 description.

2095 2066 137 76 MEN'S,
2271 2066 116 63 BOYS'
2423 2069 71 60 aid
2527 2066 180 63 TOOTHS'
2743 2066 213 63 CLOTH
2992 2066 38 61 in
3060 2069 148 60 Eates
3233 2069 150 76 Variety.

2502 2370 120 35 CLIFF
2644 2372 170 41 STEEET,
2836 2375 147 35 LYELL.

2097 2516 140 63 The
2273 2516 366 76 Hampden
2682 2516 467 76 Co-operative
3193 2517 193 62 Store

2391 2612 362 75 Company,
2791 2611 313 65 Limited.

2097 2804 109 61 THE
2220 2804 84 30 above
2315 2805 144 36 Company
2468 2805 23 28 is
2505 2813 61 19 now
2577 2803 149 36 supplying
2738 2803 47 29 the
2799 2803 141 36 following
2956 2803 85 35 goods
3051 2807 28 25 at
3090 2813 17 19 a
3120 2804 84 35 slight
3217 2804 123 28 advance
3353 2813 36 19 on

2566 2842 148 29 NELSON
2731 2841 186 30 PRICES:—

2297 3082 37 30 Of
2344 3082 60 29 first
2417 3081 71 30 class
2500 3081 115 39 quality.
2652 3081 24 29 A
2688 3080 89 39 Largo
2791 3081 55 29 and
2859 3081 101 30 Varied
2973 3082 176 30 Assortmeut
3161 3083 30 29 of

2096 3140 201 52 Crockery,
2334 3140 171 40 Earthen
2534 3140 76 39 and
2643 3140 228 45 Glassware,
2909 3140 280 52 Ironmongery,
3220 3142 81 47 &c.,
3323 3143 66 37 &c.

2740 3228 51 20 o:—

2099 3290 124 40 Men's
2257 3286 75 43 and
2368 3287 115 55 Boys'
2522 3286 272 54 Kaipoi-made
2844 3286 206 55 Clothing;
3097 3288 114 49 Hats,
3250 3289 139 51 Shirts,

2197 3344 357 45 Under-Flannels;
2609 3344 175 37 Drawers
2820 3342 72 38 and
2928 3344 145 45 Moles;
3114 3344 176 47 Tweeds,

2295 3395 176 54 Hosiery,
2494 3395 210 50 Blankets;
2733 3394 164 49 Calicos,
2920 3394 139 51 Prints,
3082 3396 92 41 Flan-

2507 3449 92 47 nels,
2622 3452 78 44 &c.,
2722 3452 66 36 &c.
2841 3451 143 37 Also—

2261 3530 156 47 Wheat,
2462 3528 111 47 Oats,
2620 3528 116 47 Bran,
2770 3528 118 40 Chaff
2909 3528 76 40 and
3017 3528 194 41 Potatoes.

2133 3681 100 31 Orders
2245 3677 196 41 accompanied
2458 3677 38 39 by
2509 3676 64 31 cash
2587 3676 175 32 remittances
2781 3677 161 39 punctually
2961 3678 131 31 attended
3105 3683 38 32 to,
3156 3679 56 30 and
3231 3680 84 38 goods
3335 3680 43 31 des-

2100 3721 117 35 patched
2230 3724 29 23 at
2271 3730 16 17 a
2299 3723 140 23 moments
2451 3718 100 26 notice.

2134 3756 84 31 Local
2236 3756 128 39 produce,
2382 3754 143 37 including
2543 3753 105 36 Hides,
2667 3753 96 36 Skins,
2787 3753 96 36 Wool,
2903 3753 126 35 Butter,
3043 3755 57 36 &c.,
3113 3756 56 35 &c.,
3187 3755 154 39 purchased
3353 3756 42 30 for

2100 3798 82 28 Cash.

2979 3830 34 30 B.
3033 3831 132 36 M'NEE,
3183 3832 109 30 Lessee.

2135 3873 170 33 Murchison,
2319 3870 65 30 15th
2396 3869 86 35 June,
2497 3869 77 30 1885.

2677 4078 129 39 TRY

2099 4215 38 76 a
2180 4222 79 69 k
2290 4222 25 66 i

2349 4220 861 74 RKPATRICK
3213 4228 5 25 1

2678 4560 61 64 a.
2782 4560 89 66 m

2371 4823 73 40 IT
2521 4821 73 42 IS
2668 4821 155 40 THE
2897 4821 226 42 BEST.

2183 5057 186 39 GEORGE
2401 5057 43 37 E.
2467 5056 193 43 LEVIEN,

2108 5122 122 30 Member
2241 5122 27 28 of
2275 5120 46 30 the
2329 5117 235 32 Pharmaceutical
2571 5117 106 37 Society
2684 5116 55 30 and

2192 5159 236 30 Pharmaceutical
2447 5158 166 28 Conference
2625 5156 30 28 of

2313 5198 83 28 Great
2415 5196 116 34 Britain,

2110 5255 204 62 SUHGEON
2352 5252 172 33 DENTIST,
2556 5251 182 34 CHEMIST,

2268 5293 79 29 AND
2366 5290 204 33 DRUGGIST,

2321 5338 204 34 (REGISTERED.)

2107 5428 55 28 For
2174 5428 35 27 20
2220 5437 78 27 years
2317 5425 147 38 practising
2486 5425 29 27 in
2534 5423 206 35 Marlborough,

2107 5466 56 28 and
2175 5466 55 28 late
2243 5464 31 30 of
2293 5464 102 28 Nelson
2414 5463 129 33 districts,
2557 5463 23 28 is
2599 5472 63 19 now
2681 5471 44 28 pre-

2206 5504 82 35 pared
2303 5509 26 22 to
2344 5502 93 27 attend
2450 5503 128 34 patients,
2592 5501 54 28 and

2143 5560 72 28 CAN
2247 5560 51 28 BE
2329 5557 223 30 CONSULTED
2589 5555 117 29 DAILY

2110 5675 99 29 Rooms
2233 5682 30 21 in
2287 5673 185 35 Commercial
2501 5671 112 35 Hotel,
2637 5671 103 28 Lyell.

2145 5770 96 29 Advice
2266 5770 92 28 Gratis
2375 5768 72 29 from
2465 5770 18 27 9
2501 5772 28 25 to
2549 5769 31 26 11
2599 5777 75 24 a.m.,
2688 5767 53 29 and

2110 5811 70 27 from
2241 5833 5 5 .
2263 5811 14 25 5
2296 5816 67 28 p.m.

2325 5861 32 28 G.
2376 5858 34 30 E.
2427 5859 158 30 LEVIEN,
2606 5859 102 29 M.P.S.

2770 5059 320 42 BELFAST
3141 5061 258 49 HOTEL,

2961 5131 112 29 GIBI3F
3093 5132 121 29 TOWN.

2940 5182 187 29 Eight-Mile
3147 5185 88 28 Road.

2773 5258 108 57 IJIHE
2889 5259 185 37 undersigned
3083 5261 104 37 having
3194 5263 131 28 removed
3333 5263 69 28 from

2862 5310 66 28 Zala
2940 5312 86 27 Town
3039 5312 56 28 and
3109 5313 106 28 erected
3234 5324 61 18 new
3314 5324 72 27 prem-

2771 5357 53 28 ises
2844 5367 30 18 as
2894 5358 95 34 above,
3008 5359 24 28 is
3056 5369 63 20 now
3137 5362 134 37 prepared
3291 5367 28 24 to
3339 5362 60 28 oflei

2771 5404 134 30 excellent
2947 5407 240 31 accommodation
3218 5413 28 26 to
3285 5411 118 31 visitors,

2772 5452 138 35 boarders,
2924 5454 54 28 and
2992 5455 47 28 the
3051 5456 92 36 public
3156 5458 151 36 generally.

2773 5546 75 29 Ales
2869 5547 101 29 Wines
2987 5557 56 19 and
3064 5550 111 28 Spirits
3199 5559 34 19 of
3258 5560 56 19 the
3337 5560 67 19 best

2923 5597 154 35 Qualities
3090 5607 70 19 only
3175 5607 81 21 kept.

2897 5693 155 54 Charges
3079 5695 192 39 Moderate.

2949 5816 125 29 PETER
3095 5816 242 32 ARMSTRONG,

3208 5867 163 32 Proprietor.

3593 202 118 32 Public
3736 202 150 31 Notices.

3619 282 248 30 NOTICE.

3424 360 38 28 To
3476 357 46 31 the
3536 358 171 32 inhabitants
3716 365 26 25 ot
3756 362 78 29 Lvell
3845 361 54 28 and
3911 361 131 28 surround-

3653 401 46 33 ing
3711 399 115 28 district.

3561 454 366 58 HENRY^OUNG

3425 528 133 64 BEGS
3572 537 27 25 to
3613 534 124 28 intimate
3757 535 60 27 that
3837 533 34 29 he
3896 532 109 30 intends
4030 536 28 25 to

3520 577 68 23 start
3602 572 116 36 Baking,
3732 574 53 27 and
3798 573 37 36 by
3857 573 102 36 paying
3981 570 80 30 strict

3424 611 134 28 attention
3574 616 26 23 to
3614 611 43 27 his
3678 611 122 28 business
3821 616 27 23 to
3870 610 81 29 merit
3973 620 16 19 a
4008 611 52 28 fail*

3425 648 79 29 share
3519 650 29 26 of
3558 654 122 31 support.
3717 649 58 28 The
3788 651 71 35 price
3873 649 54 28 will
3939 649 33 28 he

3523 704 76 53 4lb.
3622 705 145 42 LOAF
3828 731 13 7 -
3898 706 61 51 9d.

3459 799 38 29 H.
3516 800 131 29 YOUNG
3662 800 109 29 intends
3785 805 27 24 to
3826 800 99 37 supply
3939 799 45 28 the
3993 806 67 26 very

3425 837 58 30 best
3495 839 106 36 quality
3612 839 29 28 of
3652 839 90 28 bread.
3779 840 23 27 A
3810 839 74 35 large
3894 843 167 24 assortment

3425 877 29 28 of
3476 877 81 28 small
3582 877 84 35 goods
3695 877 80 29 made
3807 886 80 28 every
3911 876 148 36 Saturday.

3427 916 122 36 Nothing
3570 916 51 29 but
3641 917 45 28 the
3711 916 58 29 best
3794 917 167 35 ingredients
3983 915 76 32 used,

3426 956 54 26 and
3493 956 162 34 everything
3668 956 59 26 sold
3740 961 28 21 at
3781 956 141 34 Westport
3934 956 96 33 prices.

3425 1037 198 28 CHRISTENING,
3654 1037 143 27 WEDDING,
3827 1039 56 19 AND
3918 1037 143 21 BIRTIIDAY

3511 1077 85 18 CAKES
3615 1077 76 19 MADE
3711 1077 34 20 ON
3765 1077 54 18 THE
3838 1076 140 20 SHORTEST

3615 1114 130 20 POSSIBLE
3764 1114 111 21 NOTICE.

3461 1181 69 28 Note
3545 1180 46 29 the
3604 1182 154 27 Address—

3426 1231 111 55 ALL
3558 1232 242 55 NATIONS
3829 1229 231 58 BAKERY

3496 1302 138 34 (Opposite
3648 1301 26 26 .T.
3691 1302 88 34 liyan,
3793 1301 195 35 Storekeeper.)

3535 1382 176 42 JAMES
3760 1384 188 48 INGLIS,

3430 1500 38 33 Q
3478 1501 262 30 HAREBROKER
3772 1505 19 26 &
3821 1502 238 31 COMMISSION

3640 1635 206 34 AGENT,

3501 1767 115 32 Cliff
3653 1768 159 35 Street,
3849 1768 140 31 Lyell.
4014 1765 4 38 ;

3443 1859 127 38 POST
3614 1859 193 39 OFFICE
3850 1859 190 43 HOTEL,

3630 1919 221 27 LYELL.

3473 2012 225 42 PETER
3729 2012 280 43 MANGOS

3425 2079 142 70 BEGS
3587 2084 28 23 to
3628 2080 102 27 inform
3750 2079 44 28 his
3812 2079 104 28 triends
3936 2079 57 27 and
4014 2079 46 28 the

3528 2118 91 38 public
3642 2118 62 29 that
3728 2118 43 29 his
3791 2127 60 20 new
3872 2117 188 30 commodious

3595 2158 86 28 Hotel
3694 2158 22 27 is
3730 2166 62 19 now
3806 2166 80 28 open.

3422 2195 152 31 Travellers
3593 2196 55 29 and
3667 2196 110 30 visitors
3795 2201 29 25 to
3843 2196 56 30 this
3917 2196 131 29 establish

3456 2240 79 24 ment
3546 2236 56 27 will
3614 2236 58 26 find
3685 2236 72 27 their
3767 2236 118 27 comfort
3893 2236 55 27 and
3962 2245 47 18 con-

3491 2273 131 30 venience
3633 2273 167 38 thoroughly
3810 2273 129 29 attended
3953 2278 38 25 to.

3422 2313 59 28 The
3494 2313 147 28 bedrooms
3662 2322 47 19 are
3719 2313 78 35 lofty,
3812 2313 54 27 and
3880 2313 62 27 well
3956 2312 105 37 lighted

3624 2351 56 29 and
3701 2351 158 29 ventilated.

3457 2429 207 30 Comfortable
3694 2429 128 28 Parlors
3849 2436 55 21 and
3924 2429 86 28 First-

3641 2476 82 19 class
3742 2468 103 27 Table.

3441 2506 59 29 One
3523 2506 30 28 of
3572 2506 129 29 Alcock's
3714 2506 79 28 Prize
3806 2504 117 30 Billiard
3936 2505 108 29 Tables.

3424 2584 59 27 The
3496 2584 57 26 Bar
3565 2584 23 26 is
3601 2583 113 28 stocked
3725 2583 66 27 with
3806 2583 74 32 Ales,
3890 2583 105 32 Wines,
4009 2582 55 28 and

3476 2621 99 38 Spirits
3588 2623 29 27 of
3633 2620 169 39 guaranteed
3821 2621 102 29 brands
3936 2621 74 37 only.

3458 2661 24 27 A
3500 2661 145 27 tirst-class
3666 2660 184 28 sixteen-stall
3862 2660 89 28 stable
3963 2661 89 27 iscon«

3424 2697 99 30 nected
3536 2697 69 28 with
3619 2697 56 29 this
3690 2697 85 28 hotel.

3678 2735 132 34 PETER
3828 2734 169 33 MANGOS,

3864 2775 156 34 Proprieor.

3774 2814 12 15 .*
3814 2818 15 11 i.

3556 2873 121 35 JOHN
3712 2873 228 40 FENNELL,

3431 2937 265 64 Q.ENERAL
3752 2917 317 84 gTdpi'EEEER.

3516 3024 84 29 Wine
3619 3032 59 20 and
3695 3024 100 30 Spirit
3814 3024 171 28 Merchant.
4074 3024 1 30 .

3465 3138 103 36 Money
3586 3137 105 36 always
3711 3137 30 27 in
3763 3136 76 29 hand
3858 3136 43 29 for
3918 3135 115 37 cashing

3684 3174 128 38 cheques.

3464 3288 110 31 Liberal
3586 3287 137 31 advances
3735 3287 82 30 made
3833 3296 36 20 on
3882 3287 108 39 parcels
4003 3287 31 31 of

3645 3328 118 29 retorted
3777 3327 73 33 gold.

3572 3419 82 41 Cliff
3670 3421 125 45 Street,
3819 3421 109 48 Lyell.

3806 3656 150 34 LYELL.

3527 3797 205 40 JAMES
3784 3794 185 46 EDGE,

3430 3882 335 59 ■yyHOLESALE
3802 3880 80 30 AND
3927 3879 144 31 RETAIL

3580 3953 340 38 BUTCHER.

3432 4071 99 28 Hotels
3544 4069 56 29 and
3612 4068 132 28 Families
3762 4066 101 28 waited
3886 4076 35 18 on
3936 4067 82 34 Daily
4030 4067 42 27 for

3697 4103 111 31 Orders.

3485 4222 76 29 Meat
3574 4218 146 31 Delivered
3739 4222 28 24 to
3779 4217 38 29 all
3836 4221 75 33 parts
3924 4218 27 28 of
3972 4218 47 28 the

3692 4257 125 30 District.

3434 4369 120 33 NEW
3599 4366 154 33 CIIUM
3793 4362 278 38 BUTCHERY,

3503 4421 130 34 Opposite
3643 4417 152 29 Alhambra
3806 4416 93 30 Hotel,
3914 4414 86 36 Lyell.

3437 4522 292 64 JPOUNDED
3781 4521 72 41 ON
3911 4520 157 40 FACT!

3471 4666 42 28 Ist
3533 4663 84 38 lady:
3655 4661 100 30 Where
3779 4659 35 31 do
3844 4668 54 28 you
3928 4661 44 35 get
4002 4666 69 29 your

3437 4703 116 34 drapery
3570 4711 72 21 now,
3657 4701 78 32 Mary
3748 4701 12 25 ?

3471 4738 57 29 2nd
3553 4739 86 36 lady:
3676 4737 85 36 Why,
3791 4739 29 25 at
3849 4735 47 28 the
3926 4734 81 28 Hall
4038 4741 33 20 of

3437 4779 166 31 Commerce,
3619 4777 108 28 Nelson.

3472 4819 43 27 Ist
3528 4817 66 36 lady
3606 4825 8 19 :
3652 4816 71 28 How
3742 4813 162 36 beautifully
3922 4812 62 28 that
3996 4811 76 29 dress

3438 4857 45 28 fits
3495 4865 55 27 you
3561 4856 6 27 !
3607 4854 98 28 Where
3717 4863 57 19 was
3786 4853 60 27 that
3865 4852 78 28 made
3955 4853 12 26 ?

3471 4894 58 29 2nd
3542 4894 65 36 lady
3619 4903 8 19 :
3665 4893 37 28 At
3715 4893 33 27 E.
3761 4891 27 29 J.
3803 4891 126 28 Warner
3946 4892 21 26 &
3988 4890 83 31 Co.'s,

3438 4934 47 28 the
3499 4934 82 26 Hall
3593 4940 33 20 of
3639 4933 163 27 Commerce.

3473 4974 43 26 Ist
3529 4971 66 37 lady
3610 4980 8 19 :
3657 4971 72 27 How
3742 4979 63 18 ever
3817 4967 45 30 did
3875 4968 66 35 they
3955 4977 117 26 manage

3439 5016 28 24 to
3480 5011 31 28 fit
3519 5020 56 27 you
3583 5020 29 19 so
3622 5009 89 37 nicely
3725 5009 12 29 '?
3775 5008 27 29 W
3803 5007 5 13 T
3810 5016 44 22 ere
3864 5016 56 28 you
3930 5006 143 30 measured

3440 5051 40 28 for
3493 5051 22 26 it
3525 5051 12 26 ?

3473 5087 57 29 2nd
3543 5086 86 38 lady:
3668 5086 41 29 No
3722 5086 5 28 !
3765 5084 15 29 I
3793 5084 101 37 simply
3913 5087 60 26 sent
3996 5082 77 30 thorn

3440 5138 35 19 an
3488 5127 46 29 old
3548 5126 72 36 body
3633 5126 61 28 that
3715 5124 78 30 fitted
3806 5133 53 24 me,
3873 5124 41 28 for
3925 5133 16 19 a
3955 5128 116 33 pattern,

3441 5166 65 28 with
3522 5166 46 26 the
3582 5164 95 36 length
3692 5164 29 26 of
3731 5163 46 27 the
3791 5162 75 28 skirt.

3473 5204 44 28 Ist
3530 5201 85 38 lady:
3654 5201 53 29 Did
3725 5209 56 29 you
3792 5204 44 33 get
3849 5199 61 29 that
3921 5202 91 35 pretty
4024 5198 49 30 hat

3440 5243 76 29 there
3528 5242 57 28 also
3596 5243 12 27 ?

3473 5281 57 27 2nd
3543 5281 66 35 lady
3621 5289 8 18 :
3666 5279 63 33 Yes,
3742 5278 55 29 and
3814 5284 132 29 everyone
3967 5286 63 27 says
4051 5276 22 29 it

3440 5324 68 23 suits
3521 5328 44 19 me
3578 5328 29 17 so
3620 5317 79 28 well!

3475 5359 43 26 Ist
3542 5356 87 37 lady:
3678 5355 73 28 How
3775 5354 34 28 do
3833 5362 55 28 you
3914 5353 67 28 send
4004 5362 69 27 your

3441 5396 91 29 orders
3546 5400 28 24 to
3586 5395 76 28 them
3673 5395 13 27 ?
3723 5394 44 27 Do
3779 5394 66 34 they
3854 5392 64 28 send
3929 5395 121 33 patterns
4060 5392 11 27 ?

3475 5435 57 27 2nd
3546 5434 65 36 lady
3624 5444 8 17 :
3671 5433 52 27 Yes
3735 5432 8 28 J
3781 5432 14 27 I
3809 5430 62 37 pick
3883 5436 47 22 out
3944 5431 46 27 the
4000 5431 74 27 color

3443 5474 14 27 I
3470 5473 115 35 require,
3599 5472 54 28 and
3666 5472 66 33 the}'
3746 5470 79 27 make
3834 5470 20 26 it
3863 5470 28 26 in
3904 5478 15 18 a
3933 5469 49 27 few
3995 5468 76 35 days.

3476 5512 42 26 Ist
3532 5510 66 35 lady
3609 5519 8 17 :
3655 5510 53 26 Are
3718 5508 66 35 they
3795 5505 156 30 reasonable
3961 5507 28 26 in
4003 5507 71 26 their

3443 5548 113 33 charges
3567 5548 13 27 ?

3476 5587 58 28 2nd
3558 5585 85 37 lady:
3680 5583 63 33 Yes,
3767 5592 75 25 very.
3878 5582 14 27 1
3918 5582 56 28 fiud
3996 5582 78 28 them

3443 5624 187 34 considerably
3652 5623 115 35 cheaper
3788 5622 68 27 than
3876 5630 54 26 any
3953 5621 84 27 house
4059 5621 15 27 I

3444 5664 69 29 have
3527 5672 62 19 ever
3604 5662 72 27 dealt
3689 5660 74 28 with.

3478 5704 42 25 Ist
3545 5702 84 34 lady:
3675 5700 71 26 How
3770 5698 75 27 nice!
3882 5698 15 26 I
3922 5707 45 18 am
3991 5698 84 28 nincli

3443 5740 108 36 obliged
3564 5745 28 23 to
3605 5747 70 29 you;
3695 5737 63 32 and,
3772 5747 30 19 as
3817 5736 12 28 I
3849 5737 106 36 require
3977 5747 16 17 a
4016 5738 59 27 nice

3443 5785 122 23 costume
3586 5778 54 28 and
3664 5778 47 26 hat
3732 5778 40 26 for
3794 5776 45 27 the
3861 5778 105 27 winter,
3982 5776 13 26 I
4021 5776 54 27 will

3443 5816 134 37 certainly
3601 5815 66 28 send
3688 5815 75 27 them
3788 5814 45 27 the
3852 5813 79 27 order
3954 5813 34 36 by
4012 5822 63 19 next

3443 5856 92 28 coach.
3574 5854 78 29 Good
3665 5854 60 29 bve.
3741 5853 88 30 Marv.
3842 5853 70 31 good
3925 5853 59 31 bye.
