4190 5965
106 192 198 36 OCEANIA;
340 192 51 30 OR
420 192 203 36 ENGLAND
652 192 87 36 AND

105 232 146 33 HER
300 232 439 33 COLONIES.

147 339 47 32 Mr
209 340 29 31 J.
255 340 33 30 A.
306 338 140 32 Fronde's
460 349 65 19 now
539 335 85 36 book,
648 336 93 31 under
753 335 3 36 i

108 385 50 32 the
171 385 89 31 above
274 384 72 36 title,
358 384 52 30 has
419 383 62 41 just
493 382 71 31 been
576 379 163 43 published.
753 379 3 45 |

109 431 90 31 From
228 431 49 31 the
305 440 103 20 review
436 427 154 42 published
625 426 29 31 in
690 425 49 31 the
753 425 3 44 j

111 481 17 11 44
144 475 97 30 Times
293 484 41 19 we
351 473 64 30 take
432 472 48 30 the
504 471 147 38 following
663 480 61 29 pass-

110 530 52 28 age
178 518 70 31 with
264 518 144 31 reference
424 522 31 25 to
469 516 70 31 New
553 513 128 32 Zealand
696 525 46 19 :
754 513 2 45 |

151 563 28 29 If
208 562 47 30 Mr
286 561 114 30 Froude
422 570 58 19 was
502 558 146 39 delighted
671 556 69 31 with
754 556 3 42 j

111 605 160 38 Australia,
287 604 36 34 he
339 615 67 29 goes
431 604 62 31 into
518 605 132 38 raptures
675 604 83 40 over,

112 652 70 31 New
198 650 140 32 Zealand.
382 655 16 13 44
414 650 82 30 Even
509 648 49 31 the
573 646 137 36 Maorie-«,
727 657 13 19 a
756 646 2 37 ;

110 705 79 20 mere
217 694 103 39 colony
349 694 30 29 of
404 692 177 38 Polynesian
612 700 129 28 savages,
755 692 3 41 j

109 748 78 31 grew
202 740 29 30 to
246 748 18 20 a
278 739 111 29 stature
405 736 30 31 of
447 734 81 32 mind
544 733 57 32 and
617 732 75 40 body
711 732 29 30 in

111 782 70 31 New
194 780 139 36 Zealand,
349 779 96 31 which
460 790 39 19 110
514 777 109 31 branch
640 779 27 29 oi
680 775 64 32 that

110 837 65 22 race
191 825 53 32 lias
259 822 182 44 approached
456 820 166 34 elsewhere.
675 819 29 31 If
721 819 23 31 it

110 871 53 31 lies
179 871 115 29 written
309 869 30 30 in
356 868 48 31 the
420 867 74 31 book
509 868 31 30 of
549 867 115 39 destiny
680 864 64 31 that

112 914 49 33 the
178 912 125 41 English
318 912 101 32 nation
436 912 52 30 has
509 911 58 30 still
593 909 104 31 witlnn
723 908 20 30 it

110 961 82 35 great
204 968 67 19 men
285 956 64 30 who
363 955 56 30 will
433 954 64 30 take
509 965 16 18 a
538 953 80 40 place
635 962 107 25 among
756 953 3 48 j

111 1002 50 32 the
176 1000 77 33 demi
268 999 80 42 gods,
367 999 12 31 I
394 1010 55 20 can
463 997 65 32 well
546 995 108 33 believe
680 994 62 33 tint

111 1046 22 32 it
148 1045 60 31 will
223 1045 36 31 be
274 1045 29 30 in
318 1044 49 31 the
383 1041 203 33 unexhausted
606 1039 53 32 soil
685 1039 56 30 and

113 1089 133 43 spiritual
261 1086 180 44 capabilities
466 1086 31 32 of
520 1085 69 33 New
616 1083 128 33 Zealand

114 1135 65 31 that
194 1134 49 31 the
258 1136 82 38 great
365 1131 127 40 English
516 1133 92 38 poets,
634 1128 62 32 arti.
708 1131 35 31 ts,

114 1177 212 43 philosophers,
346 1179 172 33 statesman,
544 1173 57 32 and
626 1172 122 33 soldiers

112 1225 32 30 of
153 1224 50 31 the
215 1224 96 31 future
318 1221 59 32 will
384 1221 34 32 be
425 1220 74 33 born
506 1219 56 33 and
570 1217 154 33 nurtured.
729 1219 5 8 1

114 1267 94 30 There
220 1277 49 20 are
280 1265 191 38 magnificent
481 1263 153 30 mountain
643 1272 103 27 ranges

114 1310 57 32 and
186 1308 156 34 unlimited
356 1306 203 43 sheep-walks,
584 1304 57 33 and
664 1304 83 32 there

116 1365 48 21 are
179 1353 179 41 stupendous
372 1352 122 39 glaciers
509 1351 58 31 and
581 1348 166 34 waterfalls,

116 1397 70 33 with
199 1396 161 34 unrivalled
373 1405 147 23 resources
532 1394 29 32 in
574 1393 49 33 the
634 1393 114 32 lores-ts.

116 1443 99 31 Above
230 1441 50 38 all,
295 1441 30 31 in
351 1441 49 31 the
424 1451 62 30 way
512 1440 30 31 of
563 1439 185 41 picturesque

115 1487 142 33 novelties
271 1490 31 28 to
318 1485 139 32 fascinate
473 1485 48 31 the
536 1483 111 35 visitor,
664 1481 82 32 there

117 1542 48 21 are
190 1530 125 32 marvels
331 1529 142 38 resulting
488 1528 74 31 from
579 1528 48 30 the
652 1525 96 32 freaks
762 1525 3 42 1

116 1577 31 31 of
160 1574 129 34 volcanic
306 1575 100 36 forces,
433 1572 57 33 and
515 1572 49 32 the
590 1568 159 35 wonderful
763 1568 2 54 j

116 1621 87 30 baths
218 1621 58 29 and
292 1619 109 37 boiling
416 1619 125 38 springs,
554 1617 61 30 said
628 1621 30 26 to
670 1616 34 30 be
718 1626 31 19 so
763 1611 2 48 j

116 1673 89 32 many
220 1662 86 33 Pools
321 1663 32 31 of
366 1650 156 43 liethesda.
573 1660 48 31 Mr
636 1658 114 32 Froude

118 1708 90 32 found
222 1708 66 31 that
302 1705 265 34 communications
582 1715 73 20 were
680 1703 72 31 slow

118 1752 57 30 and
190 1751 164 35 uncertain,
380 1750 58 31 and
463 1749 49 31 the
537 1748 133 38 coasting
695 1747 42 30 dis-

118 1800 100 28 tances
234 1796 152 30 immense.
443 1795 40 31 So
497 1794 37 31 he
548 1793 59 31 had
622 1796 30 27 to
668 1791 85 39 bring

117 1840 46 31 his
191 1840 158 31 ambitious
372 1838 83 41 plans
480 1837 104 31 within
609 1836 50 32 the
681 1836 71 30 time

117 1890 30 25 ut
163 1884 44 30 his
222 1883 145 40 disposal;
389 1882 52 31 but
463 1882 37 31 he
526 1892 58 20 saw
609 1880 89 31 much
723 1880 31 30 of

118 1927 39 32 all
172 1927 66 32 that
254 1937 57 21 was
327 1925 63 33 best
405 1924 92 32 worth
513 1924 108 39 seeing,
638 1923 57 31 and
711 1933 42 20 we
764 1923 1 49 j

116 1973 69 39 only
201 1972 71 31 wish
289 1984 41 18 we
344 1971 59 31 had
418 1982 84 27 space
518 1974 29 28 to
563 1970 96 32 follow
678 1968 73 32 him.

119 2015 47 32 He
182 2025 57 21 was
254 2014 99 31 struck
368 2014 37 41 by
420 2014 49 30 the
485 2012 145 41 enormity
652 2012 31 31 of
704 2010 50 32 the
764 2010 1 46 j

123 2064 83 28 Ltate
241 2060 58 30 and
334 2058 162 40 municipal
530 2057 92 36 debts,
661 2055 93 32 under
764 2055 1 43 j

121 2102 96 33 which
233 2102 49 32 the
297 2101 136 43 youthful
445 2100 184 41 community
652 2099 103 40 begins
764 2098 1 53 j

121 2153 30 26 to
165 2151 127 36 stagger.
348 2146 46 32 He
408 2145 153 32 remarked
586 2144 64 32 that
674 2154 80 22 some
764 2144 1 43 ;

118 2193 31 30 of
174 2191 49 32 the
252 2193 78 29 most
357 2189 130 40 thriving
514 2188 164 32 industries
707 2182 58 54 are|

118 2236 186 35 destructive,
320 2235 71 30 such
407 2245 31 19 as
456 2234 50 30 the
525 2232 104 39 felling
653 2231 31 32 of
705 2230 49 32 the
764 2230 1 41 i

118 2279 115 33 famous
248 2278 83 33 kauri
346 2278 92 42 pines,
454 2276 66 32 said
535 2280 30 28 to
579 2276 36 32 be
631 2275 49 32 the
692 2275 73 45 best:

120 2324 107 31 timber
242 2324 31 30 in
288 2323 49 31 the
352 2323 100 34 world,
475 2322 52 30 but
551 2320 97 31 which
674 2319 91 38 takes:

119 2370 59 29 800
205 2377 83 32 years
320 2369 29 27 to
377 2365 94 31 attain
505 2363 152 41 maturity.
710 2362 55 35 He;

119 2416 85 36 spent
216 2422 36 20 an
265 2409 153 42 enjoyable
431 2409 69 31 time
507 2408 72 31 with
587 2408 47 30 Sir
642 2407 113 38 George
764 2407 1 50 j

117 2457 79 39 (irey
211 2455 30 31 in
257 2454 45 31 his
317 2453 106 37 island,
445 2452 96 32 where
568 2452 47 32 Sir
640 2451 114 39 George
764 2451 1 45 i

118 2500 78 39 Grey
208 2498 79 32 lords
298 2497 22 31 it
331 2497 31 31 in
372 2508 17 19 a
400 2496 175 31 benevolent
587 2494 178 45 feudalism,!

118 2554 109 30 among
251 2541 122 33 devoted
397 2540 192 41 dependants,
616 2538 66 32 who
707 2538 58 46 arej

118 2586 194 40 handsomely
323 2584 216 33 remunerated.
582 2583 66 32 And
661 2583 95 40 owing

118 2635 31 28 to
164 2631 50 32 the
229 2630 103 31 failure
348 2630 31 31 of
401 2631 223 38 arrangements
649 2628 45 30 for
718 2637 38 20 an

119 2675 150 33 interview
285 2674 71 32 with
376 2673 50 33 the
441 2672 95 34 Maori
551 2670 205 38 ex-Monarch,

120 2720 38 29 lie
173 2729 59 19 was
246 2718 136 30 detained
396 2718 103 37 longer
511 2717 73 29 than
595 2717 38 29 he
643 2717 59 27 had
714 2716 29 28 in-

123 2760 106 33 tended
243 2760 31 32 in
289 2759 50 33 the
354 2759 131 33 volcanic
500 2757 128 33 districts
650 2767 109 31 among

123 2805 50 30 the
201 2804 111 38 boiling
340 2803 125 40 springs.
527 2803 59 30 Not
615 2802 65 29 that
708 2802 50 29 the

125 2848 71 40 days
210 2847 82 40 hung
306 2845 93 42 heavy
414 2857 39 20 on
467 2844 46 32 his
527 2844 106 37 hands,
650 2843 58 32 and
727 2844 31 30 in

125 2892 95 30 clever
234 2891 146 38 drawings
394 2890 38 39 by
453 2889 122 31 himself
598 2888 57 30 and
680 2887 79 31 Lord

126 2934 208 42 Elphinstone,
360 2932 66 33 who
450 2943 59 21 was
532 2932 47 32 his
603 2930 158 41 travelling

126 2978 187 41 companion,
320 2978 38 30 he
367 2977 54 31 has
429 2977 87 39 given
525 2988 34 19 us
570 2986 38 21 an
619 2975 143 32 excellent

127 3022 64 30 idea
216 3021 31 31 of
268 3031 80 21 some
372 3020 32 31 of
428 3020 82 31 these
537 3019 186 40 phenomena
725 3037 38 3 —

127 3064 121 43 notably
263 3075 17 22 a
302 3063 118 34 natural
444 3063 105 42 giants'
566 3062 138 33 staircase
729 3061 31 32 in

125 3110 109 41 crystal
286 3110 151 39 glittering
451 3108 58 32 and
534 3108 136 32 stainless
692 3118 32 20 as
741 3107 24 31 if

130 3154 23 30 it
165 3164 73 20 were
253 3153 53 35 ice,
323 3152 155 41 spreading
492 3154 50 28 out
557 3151 57 30 like
629 3161 38 20 an
688 3160 75 29 open

130 3198 49 33 fan
195 3198 74 33 from
285 3209 15 21 a
316 3196 82 43 point
413 3195 90 34 above
518 3207 35 21 us
567 3207 38 22 011
621 3194 49 34 the
695 3193 53 37 hill-

128 3243 70 35 side,
214 3242 58 31 and
286 3242 164 39 projecting
464 3244 31 27 at
509 3241 50 31 the
575 3241 113 31 bottom
701 3240 62 30 into

128 3298 16 20 a
159 3285 74 38 lake,
249 3284 96 34 where
360 3284 23 33 it
397 3296 59 20 was
471 3283 125 42 perhaps
608 3284 58 32 200
676 3282 87 42 yards

283 3329 37 31 111
334 3329 67 35 fact,
419 3329 49 30 the
483 3329 75 30 book
572 3328 24 30 is
612 3338 31 20 as
658 3327 55 30 full
732 3327 31 31 of

126 3371 393 43 picturesquely-diversified
533 3372 122 31 interest
677 3381 32 21 as
732 3370 31 32 of

128 3417 152 42 sagacious
287 3416 128 42 political
422 3416 146 41 thought;
584 3414 58 33 and
650 3414 113 41 though

129 3463 23 31 it
170 3462 134 32 deserves
323 3461 57 31 and
402 3461 105 31 should
532 3459 157 33 command
713 3459 50 32 the

128 3509 78 28 most
217 3505 108 32 careful
337 3505 96 40 study,
446 3505 49 31 the
507 3505 102 31 reader
618 3504 24 30 is
652 3503 111 31 carried

128 3549 106 42 lightly
248 3548 124 33 forward
384 3549 73 31 from
469 3548 121 42 chapter
601 3550 30 29 to
643 3546 121 42 chapter

128 3595 38 41 by
182 3594 49 32 the
246 3593 114 42 sparkle
375 3593 31 33 of
417 3593 50 33 the
483 3593 145 33 incidents
643 3592 59 32 and
713 3592 50 32 the

130 3639 167 40 brightness
308 3640 31 30 of
352 3639 49 31 the
417 3639 83 40 style.

168 3744 62 31 The
246 3754 143 30 company
404 3742 96 32 which
516 3743 24 30 is
555 3742 90 40 going
656 3745 30 28 to
698 3742 68 41 play

131 3794 18 13 44
162 3788 128 32 Michael
305 3788 129 39 Strogoll
488 3789 30 29 at
542 3788 50 30 the
617 3786 148 42 Academy

131 3834 32 31 of
174 3832 105 37 Music,
295 3833 71 30 New
380 3831 89 37 York,
485 3832 112 39 opened
612 3842 16 20 a
639 3841 65 22 new
716 3841 49 21 era

130 3877 33 32 of
187 3879 80 38 stage
296 3876 178 41 advertising
502 3875 49 32 the
581 3874 84 33 other
699 3875 65 41 day.

131 3922 82 40 They
228 3921 128 31 inserted
371 3931 38 20 an
432 3926 18 12 44
462 3921 36 29 ad
550 3919 30 31 in
597 3919 49 31 the
667 3930 78 20 morn-

130 3966 51 37 ing
196 3975 102 31 papers
314 3964 43 33 for
378 3966 58 30 200
460 3966 72 35 cats,
556 3963 156 41 intending
736 3966 30 30 to

131 4014 70 27 turn
234 4010 80 31 them
345 4009 78 31 loose
451 4009 71 31 with
550 4008 67 31 blue
645 4008 121 31 ribbons

133 4053 111 31 around
272 4051 78 33 their
377 4052 88 32 necks
493 4050 190 40 announcing
716 4051 50 30 the

131 4097 119 38 coming
264 4096 168 36 attraction,
453 4095 31 32 in
507 4095 50 32 the
582 4095 184 40 expectation

133 4141 65 30 that,
213 4140 49 31 the
278 4140 87 30 feline
380 4140 122 37 dodgers
517 4139 96 31 would
638 4139 73 31 have
735 4150 31 19 as

133 4183 156 42 gathering
304 4196 15 20 a
335 4196 95 29 power
454 4183 43 32 for
522 4183 49 32 the
596 4183 115 33 theatre
735 4194 31 21 as

134 4229 152 31 Samson's
300 4239 84 27 army
398 4229 31 30 of
441 4229 80 29 foxes
535 4227 59 31 had
609 4238 16 20 a
646 4230 105 28 scatter-

133 4273 50 37 ing
197 4273 84 31 ellect
297 4283 37 21 on
354 4272 49 32 the
427 4270 181 34 Philistines.
659 4271 89 32 Unfor-

133 4316 133 41 tunately
281 4317 43 31 for
347 4317 50 31 the
420 4322 17 13 44
451 4316 127 31 Michael

132 4362 242 41 representation,
385 4361 82 31 these
479 4360 84 41 plans
570 4360 50 32 fell
627 4360 138 40 through.

133 4406 63 30 The
215 4416 144 28 company
384 4404 95 30 which
503 4404 23 30 is
551 4408 29 26 to
606 4415 106 28 appear
737 4405 29 29 in

133 4455 19 12 44
167 4449 157 31 Fantasma
378 4450 29 29 at
422 4448 139 38 Hooley's
577 4450 48 38 got
640 4447 78 32 wind
739 4447 31 32 of

134 4493 50 33 the
217 4499 18 13 44
248 4493 129 33 Michael
598 4495 170 38 company's

134 4538 128 35 scheme,
288 4538 67 33 and,
380 4538 125 39 stealing
528 4537 76 31 their
629 4537 137 35 thunder,

133 4581 163 32 advertised
324 4581 44 31 for
396 4583 76 30 2000
495 4583 71 29 cats.
620 4580 63 31 The
707 4584 45 27 cat-

134 4625 121 31 stealers
283 4625 57 30 and
368 4628 174 27 cat-owners
571 4624 31 31 of
627 4624 50 31 the
698 4624 68 39 city,

134 4668 138 43 thinking
305 4668 69 41 they
408 4667 97 33 would
538 4667 74 31 have
642 4678 17 19 a
686 4677 82 21 surer

133 4714 115 33 market
264 4714 42 32 for
321 4713 76 32 their
417 4717 155 33 treasures,
596 4712 96 33 where
717 4712 50 32 the

133 4758 109 38 largest
248 4758 126 29 demand
382 4768 68 24 was,
458 4757 127 37 slighted
608 4762 17 11 44
639 4756 128 30 Michael

135 4801 156 40 Strogoll'"
305 4799 58 33 and
374 4799 145 33 bestowed
526 4798 76 33 their
608 4801 160 40 patronage

134 4859 37 19 on
195 4853 17 11 44
474 4845 38 31 At
529 4847 36 29 10
579 4856 69 20 a.m.
666 4845 100 40 Stage-

135 4891 142 41 Manager
291 4889 100 34 White
403 4890 57 31 and
471 4889 297 41 Advertising-Agent

135 4936 92 30 Girox
255 4935 109 40 opened
393 4934 76 32 their
497 4935 73 39 shop
598 4934 58 31 and
690 4945 57 20 com-

135 4979 123 31 menced
284 4979 144 35 business,
491 4977 23 32 A
542 4977 226 32 miscellaneous

135 5023 153 32 collection
300 5024 31 31 of
349 5029 17 12 44
379 5024 89 31 Toms
520 5022 58 32 and
601 5029 17 11 44

135 5069 32 30 of
183 5068 40 32 all
248 5079 76 27 ages,
354 5068 124 36 colours,
507 5067 58 32 and
592 5067 175 36 conditions,

134 5111 76 30 from
225 5111 49 29 the
289 5114 119 27 veteran
419 5111 149 35 midnight
578 5111 190 29 caterwauler

135 5157 31 29 to
194 5154 49 32 the
277 5153 89 38 sleek,
394 5153 164 33 household
584 5155 59 39 pet,
671 5153 98 33 whose

136 5199 144 38 untimely
304 5198 58 31 loss
387 5199 23 29 is
435 5197 126 40 perhaps
589 5208 65 19 now
681 5198 89 37 being

137 5241 150 37 bewailed,
303 5252 74 22 were
388 5240 116 42 eagerly
521 5241 63 32 sold
605 5243 30 29 at
659 5240 56 33 five
740 5243 30 30 to

138 5290 49 27 ten
203 5290 81 27 cents
305 5286 98 39 apiece
427 5286 38 37 by
489 5286 89 29 about
603 5296 31 18 as
659 5295 91 20 cosmo-

139 5330 111 42 politan
266 5339 38 22 an
319 5339 85 31 array
418 5328 32 32 of
468 5327 107 41 thirsty
596 5327 120 33 citizens
739 5338 32 20 as

135 5385 67 20 ever
230 5373 144 40 thronged
399 5373 49 31 the
473 5372 111 39 gallery
607 5373 71 30 door
702 5372 31 31 of
754 5383 17 19 a

135 5417 171 42 playhouse.
342 5417 24 31 A
374 5415 137 42 shipping
522 5417 50 40 tag
583 5414 189 40 announcing

137 5463 50 31 the
203 5462 154 32 theatrical
372 5460 157 31 attraction
554 5471 59 19 was
635 5460 137 30 attached

138 5508 30 30 to
190 5505 49 32 the
260 5504 137 42 captives'
420 5504 98 36 necks,
540 5504 59 31 and
620 5503 49 31 the
704 5503 68 31 wild

138 5550 87 32 feline
240 5552 130 30 cataract
389 5549 107 31 rushed
519 5547 99 40 madly
643 5547 128 41 through

138 5594 50 32 the
223 5596 114 33 streets,
378 5592 160 39 scattering
578 5591 94 31 alarm
714 5592 58 30 and

138 5640 186 29 amazement
338 5636 30 31 in
384 5637 39 30 all
439 5636 167 31 directions.
650 5636 90 38 Many
755 5647 17 19 a

137 5682 57 39 dog
208 5681 122 42 enjoyed
345 5690 37 22 an
397 5680 129 40 exciting
541 5680 79 40 piece
637 5680 31 30 of
680 5681 90 39 sport,

137 5727 57 31 and
210 5737 90 30 many
314 5737 16 20 a
356 5736 122 27 sausage
502 5724 221 32 manufacturer
747 5723 25 31 is

137 5770 62 32 said
214 5773 30 30 to
258 5770 74 32 have
357 5769 138 32 returned
520 5768 109 32 thanks
653 5768 44 31 for
721 5767 49 31 the

135 5815 172 39 thoughtlul
322 5815 185 32 beneficence
522 5814 32 31 of
566 5814 49 31 the
635 5812 137 41 strolling

134 5859 126 41 players.

906 187 188 32 TORPEDO
1116 185 139 32 BOATS.

808 274 61 31 The
880 274 211 41 opportunities
1099 273 31 31 of
1135 272 47 31 tlie
1195 270 205 42 torpedo-boat

768 331 67 20 men
852 320 73 31 have
940 319 72 31 been
1029 319 53 30 few
1097 328 32 21 ho
1144 318 52 30 far.
1240 315 115 42 Except
1370 316 31 31 in

768 364 49 30 the
843 363 155 31 American
1024 372 68 25 war,
1109 361 82 30 these
1217 361 107 30 vessels
1346 371 55 20 can

768 407 127 43 scarcely
911 406 34 33 he
960 405 62 33 said
1038 413 29 25 to
1078 405 73 33 have
1164 404 72 34 been
1249 404 80 37 used,
1343 403 59 33 and

768 453 106 38 during
897 451 49 32 the
972 451 154 31 American
1142 461 70 25 war,
1236 451 69 39 they
1327 460 75 20 were

769 497 30 31 in
827 496 76 32 their
930 495 127 41 infancy.
1114 493 95 33 There
1243 504 59 21 was
1330 493 72 32 time

769 540 116 38 enough
910 540 107 38 during
1042 540 48 29 the
1114 549 68 24 war,
1205 538 144 35 however,
1373 541 29 27 to

770 584 78 31 show
865 583 79 30 what
958 582 69 41 they
1042 580 85 33 could
1142 581 38 31 do
1195 580 30 31 in
1242 580 47 32 the
1306 580 95 30 hands

770 630 31 32 of
812 641 14 20 a
844 628 126 33 resolute
990 638 79 26 man,
1086 625 58 33 and
1166 625 80 37 time,
1270 624 72 38 also,
1359 624 43 33 for

770 674 86 31 deeds
871 674 31 30 of
913 672 104 39 during
1033 672 56 30 and
1115 671 136 31 devotion
1275 671 72 30 such
1371 681 31 19 as

772 717 71 30 have
859 716 110 30 seldom
986 716 72 29 been
1073 714 144 40 equalled.

810 770 62 31 The
888 768 206 32 Confederates
1108 766 59 32 had
1182 778 16 19 a
1221 766 68 31 boat
1304 765 96 32 which

770 813 85 32 could
871 812 33 31 be
920 812 85 31 made
1021 815 29 28 to
1064 810 66 31 sink
1143 810 91 32 below
1250 810 49 31 the
1314 813 89 28 water

771 858 57 30 and
844 856 91 32 travel
951 856 82 32 there
1050 856 41 30 for
1106 866 80 20 some
1196 854 142 36 distance,
1351 853 52 32 but

772 902 68 40 they
862 901 57 31 had
944 904 52 27 not
1020 900 73 31 been
1109 899 65 31 able
1200 902 29 28 to
1252 909 151 21 overcome

772 946 48 29 the
836 944 152 40 difficulty,
1005 944 94 29 which
1115 944 57 29 had
1189 943 72 30 been
1272 944 115 37 insuper-

772 987 64 33 able
852 987 43 33 till
911 998 75 26 now,
1003 988 30 31 of
1045 986 121 41 making
1181 985 52 32 her
1257 989 102 28 return
1374 989 30 28 to

772 1033 49 31 the
845 1033 111 30 surface
982 1036 30 26 at
1028 1031 67 32 will.
1141 1031 59 31 She
1215 1041 59 20 was
1299 1036 50 35 apt
1375 1035 30 26 to

772 1080 52 38 put
848 1077 53 32 her
926 1087 70 20 nose
1021 1075 189 37 downwards,
1237 1074 58 32 and
1318 1074 86 32 make

773 1122 124 39 straight
923 1121 42 31 for
990 1121 50 31 the
1055 1121 123 35 bottom,
1202 1120 69 31 with
1297 1121 108 39 perfect

773 1165 149 41 disregard
949 1165 31 31 of
1005 1165 50 31 the
1083 1163 128 40 steering
1238 1174 78 29 gear.
1369 1163 36 31 111

774 1210 233 43 experimenting
1031 1208 70 33 with
1130 1208 62 38 her,
1221 1207 186 43 precautions

774 1257 57 29 had
866 1260 30 25 to
925 1255 33 30 be
987 1255 87 30 taken
1109 1257 30 28 to
1166 1257 170 26 counteract
1370 1253 37 39 by

774 1298 133 32 external
931 1307 102 21 means
1062 1296 71 32 such
1162 1295 181 32 aberrations
1368 1306 39 20 011

775 1344 53 31 her
851 1346 76 37 part,
953 1342 52 30 but
1029 1342 32 30 in
1075 1340 98 31 actual
1188 1351 59 19 war
1272 1340 51 30 she
1348 1349 59 21 was
1420 1340 2 43 j

775 1387 110 33 useless
901 1386 98 32 unless
1014 1395 68 22 men
1097 1384 85 32 could
1197 1384 35 31 be
1243 1383 89 32 found
1343 1382 65 33 who
1421 1382 1 38 .

777 1433 94 31 would
887 1431 88 31 strike
990 1441 55 20 one
1060 1430 75 31 blow
1149 1429 30 30 in
1195 1429 61 35 her,
1283 1428 58 31 and
1362 1428 45 31 die

776 1477 30 32 in
831 1475 125 41 striking
970 1474 32 33 it.
1046 1473 65 32 And
1127 1484 68 21 men
1219 1483 75 21 were
1319 1471 90 33 found

777 1522 66 31 who
852 1521 96 31 would
958 1520 37 31 do
1004 1519 59 31 this
1075 1518 95 38 thing.
1212 1517 63 31 The
1287 1516 121 31 Federal

778 1566 67 32 fleet
859 1575 74 22 were
948 1563 147 40 investing
1110 1562 70 32 New
1202 1561 133 37 Orleans,
1352 1560 57 32 and

778 1612 22 30 it
815 1622 58 20 was
888 1612 32 30 of
932 1610 50 31 the
997 1610 111 30 utmost
1122 1607 181 40 importance
1318 1609 30 29 to
1361 1605 48 32 the

779 1654 191 31 Confederate
986 1654 75 29 force
1076 1651 66 31 that
1156 1650 50 30 the
1221 1650 106 30 hostile
1339 1650 56 38 flag-

778 1700 65 40 ship
859 1710 32 21 or
906 1709 54 21 one
975 1698 32 31 of
1027 1697 53 31 her
1094 1698 132 30 consorts
1247 1693 106 34 should
1375 1693 35 34 be

778 1742 162 41 destroyed.
983 1741 62 31 The
1061 1741 68 29 boat
1144 1749 58 20 was
1218 1738 81 31 there
1315 1739 30 29 in
1360 1738 51 31 the

779 1787 107 32 harbor
901 1785 95 33 which
1012 1784 84 33 co-ild
1111 1794 37 30 go
1169 1785 50 29 out
1241 1782 58 32 and
1322 1782 88 32 strike

780 1843 16 19 a
811 1831 70 31 fatal
896 1831 76 31 blow
988 1830 64 31 that
1067 1828 53 31 her
1141 1838 104 30 enemy
1266 1826 96 31 would
1377 1826 34 31 be

779 1876 154 39 powerless
949 1878 29 28 to
993 1873 98 36 evade,
1107 1871 53 32 but
1176 1871 48 31 the
1245 1870 125 39 striking
1384 1870 32 32 of

781 1920 58 29 this
854 1919 75 30 blow
944 1920 100 29 meant
1069 1916 110 30 certain
1201 1915 98 30 death.
1342 1914 70 30 Men
1421 1913 1 36 !

781 1977 54 19 can
850 1963 149 41 generally
1014 1962 35 32 be
1064 1960 89 33 found
1169 1963 29 29 to
1220 1958 64 33 lead
1300 1970 32 21 or
1346 1958 66 33 take

781 2019 15 19 a
812 2011 64 38 part
891 2009 31 29 in
937 2017 16 20 a
968 2007 110 30 forlorn
1097 2005 85 39 hope.
1225 2004 63 29 The
1303 2004 109 38 danger

781 2052 24 32 is
819 2055 92 36 great,
927 2051 52 32 but
995 2050 81 33 there
1092 2049 24 31 is
1141 2047 107 42 always
1263 2058 17 21 a
1294 2046 75 42 hope
1385 2047 28 33 of

780 2099 112 32 return,
908 2095 58 30 and
981 2095 51 30 the
1047 2093 82 39 glory
1143 2093 25 29 is
1190 2092 31 29 in
1243 2092 169 38 proportion

782 2144 30 28 to
826 2140 50 32 the
891 2140 119 39 danger.
1054 2137 61 32 But
1129 2136 31 32 in
1175 2134 59 33 this
1252 2146 64 21 case
1332 2134 82 33 there

782 2195 59 20 was
866 2195 38 21 110
928 2184 75 40 hope
1026 2183 32 31 of
1082 2186 111 26 return.
1236 2179 180 32 Whosoever

781 2231 78 28 went
875 2231 50 28 out
940 2228 30 31 in
986 2226 59 33 this
1056 2224 69 33 boat
1136 2226 81 30 must
1227 2222 35 34 be
1275 2222 140 42 prepared

782 2275 30 28 to
826 2272 64 39 give
905 2271 46 32 his
966 2271 49 32 life
1031 2268 164 41 absolutely
1216 2268 43 30 for
1275 2268 49 30 the
1339 2268 75 39 good

782 2317 32 31 of
824 2316 47 32 liis
895 2318 124 38 country
1020 2317 71 29 —to
1105 2324 67 20 save
1187 2312 54 32 her
1262 2312 75 32 from
1362 2311 54 33 her

782 2360 119 38 danger,
918 2360 58 30 and
991 2358 71 32 then
1078 2356 122 32 himself
1209 2355 45 31 die
1266 2355 57 31 like
1339 2365 16 21 a
1370 2358 46 28 rat

782 2403 136 32 drowned
942 2403 30 31 in
987 2402 38 33 its
1040 2401 76 37 hole,
1160 2399 66 32 And
1250 2399 71 32 such
1347 2410 69 21 men

782 2457 74 23 were
884 2447 100 33 found.
1038 2446 82 41 They
1147 2447 78 28 went
1253 2454 37 21 on
1315 2443 100 37 board,

782 2491 108 41 calmly
914 2490 86 32 made
1024 2490 77 32 their
1122 2488 212 41 preparations,
1358 2488 59 31 and

782 2535 73 32 then
869 2534 131 33 steamed
1015 2537 51 29 out
1081 2544 38 21 011
1134 2531 76 33 their
1225 2531 57 32 last
1296 2542 120 31 voyage.

784 2580 48 31 All
857 2579 49 32 the
931 2579 142 41 populace
1095 2576 107 33 turned
1225 2579 51 28 out
1301 2588 38 19 on
1367 2576 50 31 the

775 2615 1 49 |
784 2635 91 29 quays
898 2624 58 30 and
981 2623 50 31 the
1056 2622 111 35 shores,
1191 2619 57 32 and
1273 2631 71 30 gave
1368 2620 49 32 the

775 2656 1 52 !
783 2668 104 33 heroes
902 2678 17 22 a
1195 2664 71 33 such
1292 2675 32 21 as
1338 2667 81 30 must

775 2709 1 39 !
785 2713 107 30 almost
916 2713 75 29 have
1005 2712 74 29 been
1094 2710 94 30 worth
1212 2709 112 39 buying
1348 2710 71 29 with

784 2753 60 33 life.
887 2753 82 42 They
983 2762 89 23 never
1086 2761 83 23 came
1183 2750 83 37 back,
1290 2751 58 30 and
1369 2751 50 31 the

775 2795 1 42 .
786 2798 123 31 Federal
937 2797 66 40 ship
1030 2807 89 21 never
1147 2795 139 31 returned
1320 2795 98 31 home.

775 2830 1 50 !
786 2840 80 32 Both
881 2840 74 32 sank
975 2839 143 41 together,
1144 2838 58 32 and
1225 2837 96 37 when,
1347 2837 74 32 after

787 2885 51 31 the
862 2895 60 20 war
937 2894 59 21 was
1010 2894 78 25 over,
1103 2884 24 29 it
1141 2892 59 21 was
1224 2882 144 40 proposed
1390 2885 31 28 to

788 2928 74 32 raise
886 2927 50 33 the
951 2927 115 33 sunken
1080 2927 76 40 ship,
1178 2925 51 32 the
1253 2925 81 32 diver
1355 2925 67 32 who

788 2975 78 29 went
894 2972 85 32 down
1014 2974 30 30 to
1071 2970 145 35 examine,
1246 2970 90 31 found
1371 2969 51 33 the

775 3008 2 58 |
789 3018 131 29 monster
942 3015 72 31 with
1038 3014 66 31 half
1115 3014 53 31 her
1188 3013 115 31 bottom
1324 3012 97 32 blown

789 3058 40 38 in,
846 3058 58 33 and
918 3058 54 34 her
986 3058 75 33 little
1083 3056 169 42 antagonist
1273 3056 66 33 who
1362 3055 60 34 had

775 3102 3 42 1
790 3105 79 32 dealt
883 3104 51 32 the
948 3104 76 32 blow
1038 3103 82 41 lying
1134 3102 38 41 by
1186 3102 53 32 her
1253 3102 70 32 side.

829 3157 29 30 It
892 3157 96 31 would
1017 3156 35 31 be
1087 3155 124 31 difficult
1245 3157 31 29 to
1310 3155 62 30 find
1407 3165 17 20 a

789 3201 122 42 parallel
927 3204 29 30 to
971 3201 60 33 this
1046 3201 43 33 for
1104 3211 71 31 pure
1189 3199 136 34 devotion
1339 3211 7 27 ;
1371 3199 53 33 but

790 3256 17 20 a
821 3257 98 29 young
930 3247 165 30 lieutenant
1109 3246 31 29 in
1151 3245 50 30 the
1214 3245 123 30 Federal
1348 3255 77 30 navy

789 3289 165 43 performed
969 3301 17 20 a
1000 3289 59 33 feat
1074 3289 32 32 of
1118 3299 78 22 arms
1211 3288 31 31 in
1263 3288 97 33 which
1374 3287 50 34 the

789 3334 88 39 pluck
892 3331 58 33 and
965 3333 227 32 determination
1206 3343 61 20 was
1286 3343 31 19 as
1332 3335 91 37 great.

791 3377 62 32 The
888 3377 192 32 Confederate
1114 3375 108 33 vessels
1262 3375 49 33 lav
1345 3383 80 24 some

791 3421 85 32 miles
900 3432 40 31 up
964 3421 50 33 the
1029 3421 77 32 river
1128 3420 150 42 protected
1302 3419 38 42 by
1362 3419 47 32 bat-

792 3467 96 31 teries.
931 3465 72 33 This
1025 3476 98 31 young
1144 3465 165 31 lieutenant
1332 3464 77 32 deter-

791 3510 101 31 mined
914 3512 30 30 to
968 3510 117 39 destroy
1109 3520 54 20 one
1186 3508 32 32 of
1237 3508 82 32 these
1334 3508 90 40 ships,

792 3554 58 31 and
875 3557 30 28 to
927 3554 67 32 that
1016 3554 57 31 end
1088 3552 110 33 started
1222 3562 39 30 up
1276 3552 51 33 the
1351 3552 76 32 river

792 3598 71 32 with
885 3609 38 21 an
939 3598 137 41 ordinary
1097 3596 217 34 steam-launch
1337 3596 57 32 and
1409 3607 17 21 a

792 3643 212 41 spar-torpedo.
1060 3642 95 32 These
1190 3642 152 40 torpedoes
1377 3652 49 20 are

792 3688 112 32 carried
928 3697 38 23 on
991 3687 50 32 the
1067 3687 56 32 end
1147 3686 32 33 of
1200 3695 16 22 a
1239 3695 68 32 spar
1330 3685 96 32 which

792 3733 126 40 projects
942 3732 76 32 from
1033 3731 50 33 the
1098 3731 78 37 boat,
1200 3730 57 32 and
1281 3740 49 22 are
1354 3729 73 33 fired

793 3776 38 42 by
845 3776 50 32 the
909 3776 170 42 percussion
1093 3786 69 30 caps
1186 3775 31 31 in
1233 3775 76 31 their
1323 3775 101 36 heads,

793 3832 31 20 so
840 3820 65 33 that
920 3820 69 41 they
1003 3820 75 32 have
1093 3822 30 29 to
1138 3820 35 32 be
1194 3820 102 31 driven
1311 3819 116 40 against

793 3865 50 31 the
859 3865 60 31 side
934 3865 32 32 of
977 3865 50 31 the
1041 3864 107 32 hostile
1163 3863 66 42 ship
1243 3863 98 33 before
1356 3863 70 42 they

793 3909 132 41 explode.
968 3910 85 31 News
1067 3909 59 31 had
1140 3908 75 32 been
1236 3910 66 30 sent
1316 3919 39 29 up
1377 3907 50 33 the

792 3953 77 31 river
903 3952 65 32 that
996 3953 50 31 the
1074 3954 126 39 attempt
1234 3963 59 19 was
1327 3955 31 28 to
1391 3951 36 31 be

793 3997 95 38 made,
918 3997 58 33 and
1001 4008 31 22 as
1057 3997 50 33 the
1129 3996 109 33 launch
1263 3996 86 33 made
1373 3996 54 33 her

794 4051 63 30 way
872 4051 38 29 lip
925 4041 51 31 she
991 4051 59 20 was
1065 4041 114 30 saluted
1201 4041 38 38 by
1253 4050 16 20 a
1291 4043 91 27 storm
1399 4041 32 29 of

793 4084 165 42 projectiles
992 4084 75 33 from
1110 4083 49 33 the
1194 4082 139 34 batteries
1373 4082 53 33 she

793 4130 114 38 passed.
949 4129 45 40 By
1009 4139 79 20 some
1103 4128 120 30 miracle
1239 4128 51 30 she
1305 4128 122 37 escaped

794 4172 82 34 these
900 4171 125 35 without
1050 4171 87 41 being
1158 4169 140 40 disabled,
1314 4173 30 30 to
1365 4170 61 33 find

794 4229 37 19 on
867 4217 129 39 arriving
1022 4217 66 31 that
1116 4216 50 32 the
1195 4216 65 39 ship
1288 4215 52 31 she
1368 4226 59 19 was

794 4260 98 33 bound
907 4261 44 32 for
965 4260 59 32 had
1039 4259 181 32 surrounded
1234 4258 112 33 herself
1354 4258 71 32 with

794 4305 111 37 booms,
932 4316 67 21 over
1013 4304 97 33 which
1126 4304 49 32 the
1197 4304 120 41 torpedo
1342 4303 84 32 could

794 4352 52 30 not
873 4349 88 33 reach
988 4349 64 33 her.
1094 4349 25 32 A
1144 4351 91 30 storm
1264 4349 31 32 of
1320 4348 107 32 bullets

794 4397 62 28 tore
871 4405 39 28 up
925 4394 50 31 the
989 4397 91 27 water
1095 4404 31 20 as
1140 4394 51 30 the
1206 4393 78 35 boat,
1297 4392 87 31 foiled
1396 4392 31 30 in

794 4437 53 32 her
871 4436 108 36 attack,
1005 4436 164 37 retreated;
1191 4435 54 31 but
1266 4435 87 41 again
1375 4434 51 32 she

794 4481 123 42 escaped
951 4481 205 33 disablement.
1212 4479 62 33 Her
1307 4483 119 33 retreat,

794 4526 143 35 however,
959 4536 60 20 was
1033 4528 52 28 not
1107 4525 44 31 for
1171 4524 79 40 long.
1293 4524 136 40 Turning

796 4580 16 20 a
827 4570 82 31 short
923 4569 130 31 distance
1069 4578 90 26 awav,
1173 4567 51 32 she
1236 4578 82 21 came
1330 4568 94 35 down,

795 4624 32 20 as
850 4613 75 31 hard
949 4623 32 21 as
1005 4613 54 31 her
1083 4612 120 38 engines
1227 4611 96 32 would
1347 4611 80 32 drive

794 4656 63 35 her,
886 4655 126 40 straight
1040 4656 44 30 for
1114 4655 51 31 the
1194 4657 130 38 enemy's
1351 4654 75 31 bow.

795 4699 83 34 With
903 4700 49 33 the
977 4700 127 42 impetus
1130 4699 30 34 of
1178 4698 53 34 her
1252 4698 96 43 speed,
1375 4698 52 34 she

792 4746 122 38 jumped
939 4746 49 29 the
1004 4745 86 30 boom
1106 4745 58 30 and
1184 4745 87 29 drove
1293 4744 53 30 her
1370 4747 42 27 tor-

794 4788 74 41 pedo
892 4787 62 33 into
969 4787 50 33 the
1034 4798 115 31 enemy,
1172 4786 157 41 exploding
1349 4785 23 32 it
1396 4788 31 29 at

795 4833 50 32 the
870 4844 81 21 same
975 4834 132 31 moment
1132 4832 65 32 that
1212 4843 15 20 a
1253 4831 94 41 heavy
1361 4831 67 32 shot

795 4878 75 31 from
898 4888 54 21 one
981 4878 31 31 of
1037 4877 49 32 the
1111 4879 131 39 enemy's
1266 4876 64 31 bow
1353 4886 75 30 guns

794 4922 132 32 knocked
954 4922 49 32 the
1031 4921 68 33 boat
1127 4921 62 32 into
1217 4924 106 29 atoms.
1366 4920 62 32 The

795 4966 145 32 attackers
956 4966 57 31 and
1028 4965 50 32 the
1093 4964 135 32 attacked
1250 4965 66 31 died
1332 4966 29 29 at
1377 4964 50 31 the

796 5022 80 21 same
890 5010 123 32 instant.
1057 5010 62 31 The
1133 5009 59 32 loss
1207 5010 31 31 of
1250 5008 49 33 life
1314 5019 68 26 was,
1400 5008 31 32 of

795 5066 111 24 course,
922 5055 109 33 terrific
1044 5066 6 26 ;
1072 5055 63 37 but,
1151 5053 116 33 curious
1282 5057 30 28 to
1327 5053 100 37 relate,

796 5100 50 29 the
874 5100 107 30 author
1009 5099 30 29 of
1064 5099 50 29 the
1148 5097 186 38 catastrophe
1369 5108 59 19 was

796 5140 122 33 himself
939 5140 121 32 unhurt.
1104 5140 82 32 After
1201 5139 50 33 the
1275 5139 69 31 boat
1369 5149 60 21 was

796 5186 131 31 knocked
951 5186 63 31 into
1038 5184 184 32 matchwood
1238 5184 93 31 under
1354 5182 73 38 him,

796 5229 38 32 he
859 5229 90 31 found
972 5229 123 31 himself
1116 5227 184 42 squattering
1323 5227 31 30 in
1379 5226 50 31 the

798 5276 98 31 water,
925 5273 141 40 probably
1093 5272 71 32 with
1193 5282 17 20 a
1240 5282 70 27 very
1336 5281 93 28 vague

798 5316 64 31 idea
876 5316 32 31 of
919 5315 66 32 how
1005 5315 38 31 he
1064 5318 50 35 got
1138 5315 92 31 there.
1274 5313 156 32 Somehow

789 5357 1 55 |
798 5360 37 31 he
859 5360 145 38 managed
1029 5362 30 29 to
1073 5360 71 31 float
1158 5359 85 31 down
1268 5358 50 31 the
1342 5357 86 37 river,

799 5403 58 31 and
881 5403 137 40 regained
1031 5403 47 30 his
1103 5413 64 21 own
1189 5402 78 36 fleet,
1289 5401 58 32 and
1372 5411 59 21 was

789 5446 1 40 i
798 5447 121 32 himself
931 5448 50 32 the
996 5447 64 31 first
1075 5449 31 29 to
1129 5446 86 40 bring
1234 5446 50 32 the
1309 5456 78 21 news
1403 5446 28 31 of

799 5491 49 31 the
872 5500 114 22 success
1010 5491 32 30 of
1053 5489 46 31 his
1121 5490 153 35 endeavor,
1298 5489 58 31 and
1380 5488 51 32 the

798 5535 180 32 destruction
993 5535 31 31 of
1035 5534 47 32 his
1107 5545 65 22 own
1196 5533 79 33 boat.
1277 5532 89 33 —All
1380 5532 51 33 the

799 5579 77 31 Year
890 5579 116 31 Bound.

1375 50 114 36 THE
1546 50 183 40 LYELL
1783 52 182 45 TIMES,
2023 51 304 43 SATURDAY,
2386 52 112 39 MAY
2555 66 31 31 i.
2646 55 88 36 1886

3459 5715 110 28 Printed
3584 5715 53 28 snvl
3653 5715 145 36 published
3818 5715 35 37 1»y
3870 5715 47 28 the-
3932 5716 160 36 proprietor,

3494 5755 104 26 Walter
3612 5755 52 26 Atk
3699 5777 6 4 .
3720 5763 24 18 ;<t
3761 5756 46 26 tlie
3827 5755 157 33 neutered
4007 5757 85 25 Oi'tice

3492 5800 25 20 ot
3526 5793 45 28 the
3585 5799 16 8 '•
3612 5793 75 36 Lye!!
3898 5796 97 25 Stre.-t.
4005 5793 87 37 Lyeli,

3493 5833 110 26 Count\*
3617 5834 29 25 of
3771 5833 106 26 cViouv
3892 5840 26 19 oi
3931 5833 66 26 N.Z.

784 5673 3 42 !
839 5676 24 31 A
878 5687 65 20 new
958 5678 60 29 sect
1031 5675 55 31 lias
1097 5685 111 30 sprung
1218 5685 40 30 up
1269 5675 31 30 in
1312 5674 119 31 Canada

799 5721 97 32 whose
911 5720 130 33 doctrine
1056 5720 25 31 is
1096 5720 65 31 that
1176 5730 113 21 women
1303 5718 75 33 have
1394 5730 37 21 no

799 5765 89 33 souls,
924 5765 123 31 because
1081 5764 50 31 the
1173 5763 77 31 bible
1295 5763 136 31 nowhere

799 5810 148 32 mentions
961 5820 114 21 women
1091 5809 111 40 angels.
1245 5808 62 32 The
1319 5807 112 33 Leader

785 5854 37 38 »j.i
838 5866 16 21 a
870 5853 197 35 Frenchman.

1503 176 173 40 Westport
1694 178 302 34 Advertisements.

1429 254 334 56 GILMKR'S
1819 257 85 54 110
1919 259 36 53 T
2017 256 40 60 L,

1670 358 155 27 W];stpo:it,

1456 430 144 38 Corner
1628 429 41 39 of
1698 429 237 42 Palmerston
1961 431 73 40 and

1548 484 210 40 Wakefield
1787 487 157 48 Streets,

1433 574 119 29 ✓~*loN\
1564 576 146 28 EXIENT
1733 581 28 24 to
1780 577 46 28 tlie
1841 577 151 39 Telegraph
2006 576 52 29 and

1523 614 60 29 l'o>t
1599 615 108 33 Offices,
1721 615 54 29 and
1789 617 94 37 nearly
1898 617 120 39 opposite
2032 620 28 25 to

1432 654 31 28 he
1479 654 75 28 11.M.
1569 656 86 28 Court
1670 656 54 28 and
1746 657 80 28 lI.M.
1841 660 137 27 Customs.

1883 919 177 22 OKKYMOUTII.

1432 762 179 39 Gilmer's
1634 763 174 40 Masonic
1834 765 127 46 Hotel,

1948 826 112 21 NKLSON'.

1433 856 178 39 Gilmer's
1639 856 129 49 Hotel,

1883 919 177 22 (fUKYMoUTII.

1433 950 178 36 Gilmer's
1632 950 122 44 Royal
1773 951 85 37 Oak
1880 952 126 42 Motel,
2075 950 2 44 I

1691 989 11 10 j
2074 985 3 19 I

1870 1011 191 22 Wellington'.
2074 1011 3 22 >

1467 1119 76 27 Good
1566 1119 237 29 accommodation
1823 1120 41 28 for
1884 1119 178 29 Commercid

1433 1157 159 29 Travellers,
1607 1157 65 28 with
1687 1158 104 35 sample
1804 1167 91 19 rooms
1909 1157 136 38 provided.

1467 1197 24 27 A
1517 1195 86 38 Night
1627 1196 96 29 Porter
1747 1196 102 38 always
1874 1207 35 19 on
1934 1199 46 27 tlio
2005 1206 43 28 pro-

1433 1237 91 26 mises.

1469 1273 125 32 Booking
1613 1273 85 27 Office
1718 1274 41 26 for
1771 1274 46 27 the
1830 1275 167 28 Charleston,
2011 1274 36 26 Ad-

1434 1311 113 33 dison's,
1564 1311 112 28 Reefton
1689 1310 54 29 and
1764 1310 77 38 Lyell
1855 1313 129 28 Coaches.

1470 1350 74 27 Good
1560 1350 127 32 stabling,
1702 1350 67 28 with
1783 1351 76 35 eight
1879 1351 78 30 hoi>e
1978 1350 87 33 stalls,
2077 1350 4 36 |

1435 1388 127 29 attached
1576 1393 27 24 to
1617 1388 46 29 the
1677 1389 139 36 premises.

1642 1446 120 31 JOHN
1783 1446 188 39 GILMER,

1870 1493 162 36 Proprietor.

1627 1575 42 63 S
1690 1576 27 40 T
1737 1576 31 40 11
1787 1576 31 41 11
1839 1576 28 41 T
1887 1576 36 41 H
1940 1577 31 39 E
1992 1576 31 40 R
2043 1577 24 40 s

1582 1672 87 32 HAS
1687 1672 63 32 ON
1771 1672 150 33 SALE-

1488 1748 236 51 Ccrrugated
1747 1749 97 47 Iron,

1488 1811 202 52 Crockery,

1490 1875 323 50 Paperhangings,

1489 1937 132 41 White
1643 1938 120 49 Lead,

1490 2004 93 44 Oils,

1489 2066 222 44 Varnishes,

1491 2128 125 41 Doors
1630 2128 75 41 and
1725 2128 154 49 Sashes,

1492 2193 168 53 Cutlery,

1493 2257 437 51 Cutlery-Electroplate
1947 2272 8 33 ;
1984 2257 74 38 and

1493 2322 125 38 Brush
1622 2335 111 26 ware.

1483 2451 319 37 PALMERSTON
1848 2451 191 46 STREET,

1767 2514 103 27 PORT.

1481 2597 291 59 Thomas
1799 2596 244 72 James,

1714 2709 266 44 SADDLER,cSr.,

1448 2796 218 27 TMPORTER
1686 2803 56 19 AND
1768 2793 313 29 MAXUFACTUHER

1749 2853 33 21 OF

1449 2904 60 39 All
1542 2903 252 51 descriptions
1814 2902 41 39 of
1883 2902 194 51 Saddlery,

1500 2968 184 45 Harness,
1704 2967 110 50 Long
1825 2966 75 38 and
1920 2965 114 39 Short

1550 3029 202 50 Leggings,
1825 3027 157 51 Plough,

1597 3095 32 38 &
1649 3093 107 40 Back
1782 3092 153 49 Chains,

1647 3156 157 47 Traces,
1823 3157 65 37 &c.

1454 3286 112 38 Repairs
1580 3286 100 37 Xoatly
1693 3286 56 30 and
1769 3286 144 38 Promptly
1935 3283 148 31 Executed.

1455 3399 173 37 Up-country
1641 3398 93 29 orders
1752 3398 139 38 promptly
1904 3397 130 31 attended
2048 3402 37 24 to.

1453 3514 49 28 ON
1523 3514 205 28 SALE—Steel
1759 3513 137 32 Polished,
1926 3512 54 28 and
2012 3512 74 28 Solid

1523 3552 88 28 Silver
1639 3552 70 33 Bits,
1741 3551 131 37 Stirrups,
1904 3551 55 28 and
1991 3552 95 36 Spurs,

1523 3591 101 37 Killing
1647 3591 124 34 Saddles,
1793 3590 72 28 Pack
1888 3590 123 33 Saddles,
2032 3590 54 29 and

1523 3631 98 36 Whips
1634 3631 29 28 of
1677 3631 37 28 all
1726 3629 188 38 descriptions.

1664 4065 105 32 SALE
1796 4064 128 41 WINE,
1951 4064 127 32 SPIIU.

1554 4228 196 39 Provision
1771 4227 215 39 Merchant.

1493 4429 319 38 PALMERSTON
1855 4427 191 47 STREET,

1665 4527 102 25 WEST
1772 4527 107 25 PORT.

1573 4761 156 34 PETER
1758 4760 211 42 MULVAY,

1455 4849 247 66 PLUMBEII,
1733 4848 237 33 TINSMITH,
1999 4846 88 29 AND

1628 4887 221 35 GASFITTER,
1862 4887 55 29 and

1535 4970 472 47 COPPERWORKER,

1488 5091 215 35 Palmerston
1729 5089 122 44 Street,
1870 5089 186 42 Westport,

1573 5193 141 37 (Opposite
1728 5193 127 28 Gilmer's
1867 5192 105 35 Hotel.)

1460 5343 92 32 Evptv
1569 5342 178 34 description
1765 5343 32 31 of
1823 5343 174 31 Hollowarp,
2013 5341 56 32 Tin-

1498 5388 115 30 smiths'
1630 5388 35 29 G«
1679 5388 63 36 o<lh,
1758 5388 55 29 and
1836 5388 211 38 Ironmongery

1656 5430 71 41 kept
1750 5442 28 21 iu
1800 5431 93 32 stock.

1588 5569 23 27 A
1625 5569 87 34 Large
1726 5568 198 35 Consignment
1937 5566 30 28 of

1502 5632 186 41 STOVES
1715 5634 101 38 AND
1851 5631 198 42 RANGES

1665 5723 62 21 NOW
1745 5724 33 19 TO
1798 5723 85 20 HAND.

1805 5846 180 31 Guaranteed.

2167 178 144 31 Reefton
2340 178 292 33 Advertisements
2733 178 2 33 i

2205 260 54 36 W.
2302 259 303 47 HINDMARSH,
2734 244 3 66 j

2092 381 321 64 g!IAREBROXER,
2439 381 179 33 MIXING,
2644 371 93 74 AND!

2178 460 167 39 General
2372 461 259 38 Commission

2340 554 137 50 Agent,

2122 684 289 47 BROADWAY,
2442 686 244 45 EEEFTON,

2212 793 139 37 (Opposite
2371 794 35 26 So
2419 793 88 28 ithern
2523 793 80 28 Cross

2355 850 103 36 Hotel.)

2091 934 340 60 Dav/son's
2497 934 224 71 Hotel,

2187 1039 224 33 BROADWAY,
2442 1040 183 28 REEFTON.

2094 1154 88 59 The
2201 1153 238 28 accommodation
2462 1155 125 35 supplied
2608 1155 35 28 bv

2183 1192 84 29 house
2281 1199 101 23 cannot
2397 1193 30 29 be
2441 1194 145 35 surpassed
2609 1194 27 28 in
2659 1195 67 28 New

2092 1231 128 30 Zealand.

2096 1334 173 51 Booking
2304 1336 121 40 Office
2462 1337 55 39 for
2552 1337 173 39 Mitchell
2739 1334 4 51 |

2143 1389 75 39 and
2264 1390 232 54 Campbell's
2555 1392 121 47 Royal

2194 1444 94 41 Mail
2321 1448 95 38 Line
2439 1448 41 38 of
2509 1448 96 44 Grey-

2248 1503 131 38 mouth
2397 1503 187 39 Coaches.

2131 1637 66 26 This
2211 1636 82 26 Hotel
2311 1636 31 31 i>.
2356 1636 59 26 well
2438 1635 99 27 known
2562 1635 168 31 throughout-

2098 1674 66 28 New
2180 1674 116 28 Zealand
2312 1674 41 28 for
2373 1674 33 27 its
2427 1672 233 29 accommodation
2677 1672 53 27 and

2097 1715 181 27 convenience
2292 1714 40 28 for
2351 1714 111 27 tourists
2482 1712 53 28 and
2556 1711 174 29 commercial
2744 1711 3 44 j

2098 1752 148 28 travellers.
2745 1745 2 37 i

2296 1799 123 38 JOHN
2442 1797 211 47 DAWSON,
2744 1783 3 73 j

2534 1853 163 35 Proprietor,
2745 1846 2 42 j

2260 1935 309 34 STEVENSON'S

2104 2001 365 59 M'Gaffin's
2508 2001 224 71 Hotel,

2205 2103 224 32 BROADWAY,
2450 2103 186 27 REEFTON.

2105 2238 122 59 THIS
2242 2236 178 34 Magnificent
2433 2236 85 29 Hotel
2531 2234 54 30 will
2608 2236 32 28 be
2653 2234 84 30 found

2193 2276 102 37 replote
2309 2275 67 29 with

2199 2350 91 20 EYKRY
2309 2350 127 18 COMFORT
2455 2350 54 18 AVD
2529 2349 116 19 MODERN

2319 2387 205 21 CONVENIENCE.

2139 2497 132 31 Tourists,
2297 2495 176 29 commercial
2503 2493 151 33 travellers,
2686 2493 54 28 nnd

2105 2535 93 28 others
2208 2535 54 28 will
2277 2534 63 28 here
2355 2533 56 28 find
2425 2542 82 25 every
2521 2532 137 31 attention
2668 2541 54 20 com-

2105 2574 82 28 bined
2200 2573 67 29 with
2283 2573 82 28 home
2377 2573 139 28 comforts.

2106 2687 158 39 Booking
2283 2686 106 32 Office
2401 2686 52 32 for
2465 2686 171 32 Newman
2648 2684 95 32 Bros'

2134 2732 109 36 Royal
2256 2732 87 28 Mail
2355 2731 85 28 Line
2456 2730 37 29 of
2502 2730 132 28 Nelson
2648 2730 70 28 and

2250 2774 175 40 Westport
2438 2772 163 34 Coaches.

2170 2865 160 41 JAMES
2375 2862 306 49 STEVENSON,

2335 2927 181 21 PROPRIETOR.

2111 3001 252 61 City
2387 2999 359 52 Hotel

2143 3080 288 50 BROADWAY,
2464 3080 247 42 REEFTON.

2114 3213 284 62 COMMERCIAL
2417 3212 164 33 Travellers,
2607 3212 139 34 Families,

2203 3254 53 27 and
2277 3253 47 27 the
2345 3253 91 35 public
2454 3251 141 35 generally
2615 3252 56 26 will
2692 3252 53 26 find

2112 3291 56 30 this
2181 3290 175 31 well-known
2376 3289 84 30 Hotel
2479 3289 77 30 fitted
2577 3289 67 29 with
2665 3298 82 28 eyery

2113 3331 113 28 modern
2240 3339 78 19 conv.
2326 3339 98 19 nience
2433 3329 55 27 and
2502 3328 193 37 requirement.

2163 3443 86 42 The
2282 3443 256 53 Proprietress
2569 3442 31 40 is
2625 3442 102 41 deter-

2115 3500 127 38 mined
2271 3506 38 32 to
2328 3513 110 36 spare
2458 3511 48 25 no
2526 3512 164 36 expense
2711 3498 36 38 in

2115 3553 154 52 making
2288 3553 76 39 this
2385 3552 117 39 Hotel
2523 3551 224 54 thoroughly

2115 3608 111 54 equal
2246 3615 38 33 to
2304 3608 48 40 all
2371 3607 288 53 requirements.

2116 3739 90 35 Local,
2227 3739 124 29 Colonial
2377 3740 54 28 and
2458 3739 99 29 Home'
2571 3747 98 28 papers
2694 3739 53 28 and

2236 3779 162 36 periodicals
2410 3779 137 36 regularly
2561 3778 71 29 filed.

2283 3836 151 39 ALICE
2460 3834 237 47 NEVILLE,

2555 3898 192 36 Proprietress.

2919 181 117 31 Public
3055 181 151 30 Noticed.

2883 261 127 38 JOHN
3057 260 189 45 MUNKO,

2808 391 52 28 EX
2873 391 112 28 F.UAL
3016 391 247 28 MKKCIIANT
3294 389 90 28 AND

2964 471 42 25 1M
3015 471 156 31 I'OIiTEU,

2852 584 239 38 Palmcrston
3145 586 138 45 Street,

2963 707 78 24 WILS
3047 708 20 24 T
3073 708 105 24 PORT.

2800 805 243 31 JOHNSTON
3072 806 27 30 &
3124 805 214 31 WATKINS

2970 882 106 28 CIVIL
3094 882 79 28 AND

2841 958 69 27 INI
2925 958 22 27 N
2958 959 24 26 G
3128 958 152 28 NGINE
3293 958 56 26 Eli
3359 958 29 29 S,

2942 1043 179 21 AUTHORISED
3143 1044 56 19 AND

2758 1088 277 41 LICENSED
3062 1087 327 42 SURVEYORS

2757 1182 129 32 Working
2912 1182 83 28 Plan.*
3016 1182 54 28 and
3098 1181 106 29 Details
3229 1182 29 27 of
3284 1179 108 36 Miinng

2790 1222 160 36 Machinery
2966 1221 130 38 prepared
3108 1221 53 28 and
3172 1221 45 28 the
3228 1221 129 27 Erection

2843 1263 106 33 Mining
2964 1263 159 34 Machinery
3137 1260 168 36 supervised.

2756 1340 118 33 Surveys
2887 1337 42 28 for
2940 1337 110 34 Mining
3059 1336 166 37 Companies
3235 1332 159 32 contracted

2756 1378 39 26 for
2809 1376 34 36 by
2858 1376 43 28 the
2916 1386 73 26 year.
3027 1377 120 34 Surveys
3158 1378 80 24 maile
3249 1374 88 28 under
3347 1373 46 27 the

2929 1415 79 29 Lund
3021 1414 128 29 Transfer
3159 1415 61 27 Act.

3006 1492 136 30 Address:

2761 1533 56 26 lino
2820 1541 35 19 AD
2858 1540 67 25 WAY,
2946 1532 133 28 REEFTON
3091 1540 6 24 *,
3126 1539 55 20 AXD
3207 1531 189 29 COMMERCIAL

2962 1571 109 33 HOTEL,
3091 1571 91 28 IjYELI

2793 1649 291 27 N.R.—lnstructions
3098 1649 48 26 left
3159 1654 28 21 at
3200 1648 91 27 Times
3302 1647 94 30 Oilice,

2761 1694 12 21 i.
2783 1687 64 33 yell,
2863 1687 52 28 will
2930 1687 103 29 receive
3043 1686 158 30 immediate
3215 1684 146 31 attention.

2890 1769 382 63 Newman's

2835 1887 22 28 0
2872 1887 22 28 Y
2909 1887 59 28 AL

3102 1885 87 30 AIL
3233 1886 39 31 T
3308 1885 88 28 INF

2963 1979 48 30 OF
3030 1978 178 29 COACHES

2798 2076 252 27 Thrick-Weekly
3076 2075 123 27 Service
3222 2073 143 28 I>et\vees

2851 2122 105 33 Lyell,
2971 2120 133 29 Reeftoh
3118 2127 55 21 and
3189 2119 126 29 Nelson.

2766 2218 92 29 Leave
2879 2215 81 39 Lyell
2978 2216 43 30 for
3039 2216 104 29 Nelson
3161 2224 84 29 every
3266 2213 137 38 Tuesday,

2766 2265 147 36 Thursday
2921 2265 55 28 and
2988 2264 149 36 Saturday,
3147 2269 29 22 at
3187 2265 63 26 2.80
3261 2272 76 27 p.m..
3349 2263 56 26 ami

2768 2313 79 38 Lyell
2860 2313 41 30 for
2916 2313 137 36 West-port
3067 2311 54 30 and
3138 2311 126 33 Reetton,
3284 2320 35 20 on
3335 2310 51 28 Sun-

2768 2361 63 36 day,
2846 2360 173 35 Wednesday
3034 2359 55 28 and
3105 2359 112 35 Friday,
3225 2365 29 21 at
3267 2360 62 25 U.oO
3340 2367 64 17 a.m.

2769 2448 166 34 Passengers
2960 2445 103 29 bookeJ
3096 2446 42 28 for
3168 2444 151 36 Hampden
3351 2445 53 27 and

2889 2494 81 29 other
2982 2494 193 28 intermediate
3189 2491 102 38 places.

2942 2571 132 30 Booking
3096 2571 138 28 Offices:

2773 2630 137 37 Westport
2968 2650 29 7 ...
3072 2649 30 7 ...
3174 2627 134 29 Gilmer'a
3321 2627 85 27 Hot<o

2772 2679 117 29 lloeftou
3133 2675 178 31 Stevenson's
3324 2675 84 28 Hotel

2773 2728 103 25 Nelson
3186 2725 125 25 Masonic
3324 2724 83 26 Hotel

2806 2819 45 28 All
2863 2818 108 37 parcels
2983 2821 77 25 must
3072 2818 33 27 be
3121 2816 122 37 prepaid.
3263 2816 145 28 otherwise

2906 2865 67 37 they
2987 2865 56 28 will
3055 2864 34 29 be
3100 2863 49 30 left
3163 2862 113 29 behind.

3098 2920 37 30 H.
3156 2918 184 34 NEWMAN,

3207 2959 159 35 Proprietor

2837 3050 149 29 LADIES'
3006 3049 49 28 OR
3075 3047 273 30 GENTLEMEN'S

2778 3102 299 64 gADDLE
3144 3100 262 61 JJACKS,

2909 3193 93 39 (Quiet
3015 3192 54 31 and
3083 3192 198 31 Well-broken)

2776 3259 73 27 FOR
2862 3258 97 28 HIRE
2973 3256 50 28 BY
3036 3256 79 28 THE
3130 3255 280 29 UNDERSIGNED

2895 3310 41 28 At
2957 3309 166 28 Inanqahua
3140 3307 152 29 Juxction.

2811 3411 113 28 Horse's
2937 3413 60 25 sent
3008 3411 38 34 Jto
3060 3408 78 35 Lyell
3152 3411 28 25 at
3199 3417 16 17 a
3229 3409 148 25 moment's

3042 3446 101 30 notice.

2777 3537 197 46 Courtney's
2983 3534 301 39 Accommodation
3293 3534 118 37 House

2777 3596 113 35 Having
2915 3594 84 37 lately
3020 3594 70 28 been
3111 3592 192 36 considerably
3324 3591 88 29 added

2777 3641 27 23 to
2825 3634 54 29 and
2899 3633 154 37 improved,
3065 3633 24 28 is
3109 3642 61 19 now
3184 3642 51 18 one
3248 3632 31 28 of
3295 3632 45 28 the
3354 3630 58 30 best

2776 3673 148 37 appointed
2937 3672 54 29 and
3005 3676 72 24 most
3090 3670 177 30 comfortable
3288 3670 124 29 roadside

2887 3712 110 29 house's
3010 3721 36 19 on
3059 3710 47 30 the
3121 3710 75 29 West
3210 3710 92 29 Coast.

2792 3827 241 35 FEIAiNCIS
3084 3825 312 39 COURTNEY,

3003 3895 190 28 Propriktor.

2448 4021 118 52 THE

2114 4156 328 41 PRINTING
2491 4155 126 40 AND
2668 4150 424 43 PUBLISHING
3144 4148 267 47 OFFICE,

2529 4274 147 29 CLIFF
2712 4273 71 33 ST.,
2820 4270 179 31 LYELL.

2115 4481 244 55 The
2515 4473 354 68 Lyell
2943 4473 398 56 Times

2181 4613 38 38 Is
2237 4625 72 26 one
2329 4611 41 39 of
2385 4611 64 39 the
2468 4610 84 39 best
2572 4610 95 39 local
2688 4610 189 39 mediums
2896 4609 56 40 for
2970 4609 247 54 distributing
3236 4625 115 33 news,

2359 4701 339 49 Advertisements,
2722 4701 75 41 and
2818 4700 168 55 subjects
3006 4700 41 41 of
3062 4700 96 43 local

2556 4790 169 47 interest,
2748 4789 234 53 throughout

2347 4884 64 40 the
2449 4884 130 39 Buller
2614 4884 75 40 and
2728 4882 222 54 Inangahua
2987 4883 197 39 (bounties.

2165 5104 170 48 Charges
2354 5103 56 37 for
2428 5102 180 49 standing
2625 5101 329 42 advertisements,
2976 5113 90 35 very
3081 5099 236 39 reasonable.

2168 5195 80 46 job,
2296 5194 120 45 Plain,
2456 5192 73 38 and
2575 5192 48 38 all
2659 5191 110 39 kinds
2809 5190 41 38 of
2881 5189 177 52 printing,
3097 5187 184 40 executed
3326 5185 86 40 with

2117 5261 184 54 despatch
2321 5268 40 33 at
2380 5261 64 39 the
2464 5261 130 39 lowest
2614 5259 136 52 prices.

2166 5348 332 42 Communication
2519 5348 49 53 by
2587 5354 87 46 post
2688 5360 42 27 or
2747 5347 86 39 wire
2854 5344 192 54 promptly
3065 5342 183 41 attended
3268 5349 51 33 to.

2639 5587 252 41 ADDRESS:

2655 5809 32 38 L
2697 5808 32 39 Y
2744 5808 31 39 E
2789 5807 31 40 L
2834 5807 43 39 L.

3589 172 119 32 Public
3727 171 153 30 Notices

3496 258 89 28 |M),>
3600 255 23 29 T
3639 258 19 25 A
3679 255 23 25 11
3796 256 17 23 i-.
3831 254 22 26 A
3869 251 23 28 T
3911 252 18 26 K
3942 258 18 17 •>
3974 251 3 35 .

3603 397 87 23 TO'.VI*
3723 394 134 23 LOTKK3

3457 449 19 30 P
3497 447 64 29 sted
3592 453 27 23 at
3647 455 34 18 ah
3690 455 12 18 v
3737 442 64 30 P«»si
3834 447 6 20 <
3865 438 33 32 til
3911 451 16 19 e
3958 438 45 31 wit
4011 439 5 19 :
4043 451 14 19 n

3415 484 44 41 li|«.
3479 492 74 30 (Mil.*'
3569 503 9 17 \
3602 484 36 41 !i>i
3662 488 129 37 drii»fiy
3808 492 28 22 at
3854 497 27 15 O!
3900 489 72 24 hum
3986 484 73 29 such

3417 540 65 27 Post
3504 544 7 18 i
3524 536 73 29 Mlice
3616 546 5 18 :

3418 608 51 30 Nut
3488 606 161 31 i-x«.M-pi!iiiL'
3745 612 35 19 an
3798 611 96 19 ounce
3949 625 28 5 ...
4029 599 30 29 Id

3420 651 162 34 !*.\<*i-«-«ilii'j
3676 660 35 19 Jlii
3730 659 104 23 ounce,
3861 651 48 26 l»ut
3931 651 49 24 i;«»t

3453 713 5 12 «
3473 701 87 26 X<C»-'I
3632 705 56 17 Olir
4024 691 37 28 2't

3420 742 25 29 l'\
3461 753 11 18 r
3487 750 88 21 evcrv
3596 739 57 28 Ini'l
3672 747 86 18 nunc*
3782 745 70 17 over
3868 744 56 19 one
3950 759 29 5 ...
4029 734 32 28 Id

3581 809 97 23 COUXI
3690 808 37 20 ltY
3747 807 55 20 I.KT
3811 807 5 19 I
3829 807 14 19 i:
3850 807 14 19 !f
3869 806 14 20 S

3459 865 104 31 p.sted
3582 871 26 22 at
3628 874 24 18 hi
3670 873 13 24 y
3711 873 5 25 i
3731 864 47 26 o>t
3793 858 83 31 olfice
3894 858 100 29 within
4014 857 50 31 the

3415 924 34 16 c>
3464 921 50 19 nu\
3553 919 42 18 or
3628 910 130 27 deit\erv
3788 912 26 21 at
3845 915 28 16 or
3906 908 72 23 truth
4007 913 56 28 M.y

3416 958 86 25 other
3514 961 61 30 post
3592 951 83 29 otiifu
3694 948 100 29 within
3815 947 50 28 lhe
3880 949 103 36 colony
3998 960 42 16 :

3422 997 56 30 Not
3496 1006 60 21 cxe-
3570 995 89 33 eding
3676 992 58 29 liait
3752 1001 36 19 an
3806 1002 96 18 ou.co
3952 1015 17 6 ..
4027 989 35 29 2c)

3423 1041 165 31 Kxceedihjz
3606 1040 55 27 hall
3680 1049 35 16 an
3856 1037 51 27 hut
3935 1038 50 25 Hot

3457 1096 61 20 exc»
3530 1096 16 18 e
3560 1078 3 41 i
3572 1095 45 24 tiit;
3633 1094 55 17 one
3704 1093 37 16 o»t
3749 1092 52 18 ice
3952 1104 30 6 ...
4027 1078 37 30 4d

3425 1131 53 29 For
3506 1140 87 25 cvuy
3621 1139 34 17 -it
3661 1130 3 35 l
3672 1134 6 22 !
3709 1137 97 18 out.ee
3830 1135 72 18 over
3932 1134 56 19 one

3549 1246 34 22 AL
3584 1241 4 27 T
3593 1246 32 20 sT
3631 1245 37 21 KA
3675 1244 26 21 M
3713 1242 34 22 VS
3772 1243 37 21 CO
3815 1241 122 27 WSIKS.

3427 1298 56 29 Not
3499 1297 163 33 exceeding
3680 1296 57 28 halt
3761 1305 35 17 an
3814 1303 95 19 oince
3955 1317 29 6 ...
4030 1294 17 27 2
4061 1298 5 23 !

3427 1341 162 33 Exceeding
3607 1340 59 30 hait
3693 1350 35 19 an
3746 1349 48 19 oui
3808 1350 42 21 ce,
3869 1340 51 27 i>ut
3939 1342 48 24 not

3461 1387 161 32 exceeding
3639 1394 56 18 one
3711 1393 96 18 ounce
3956 1406 29 5 ...
4036 1380 32 29 U

3427 1430 54 30 For
3509 1441 87 26 every
3624 1428 57 30 ball
3713 1439 95 19 ounce
3838 1436 70 20 over
3935 1437 55 18 one

3461 1485 98 20 ounce
3638 1498 30 7 ...
3798 1496 30 7 ...
3956 1495 31 6 ...
4033 1469 18 29 2

3446 1547 35 21 K.N
3487 1548 17 19 (J
3574 1547 17 19 1)
3615 1545 63 21 AND
3702 1543 140 22 FOiIKIUN
3859 1541 190 23 COUNTIUhS.

3605 1608 54 31 Per
3679 1607 74 32 Half
3777 1606 118 30 Ounce.

3430 1653 107 31 United
3563 1652 158 38 Kingdom,
3749 1662 43 17 via
3819 1658 56 20 .>uu
3904 1649 71 28 Fran-

3464 1709 79 19 cisco
3559 1697 56 31 ai.d
3640 1702 48 25 Su«
3701 1707 14 19 z
3958 1714 33 7 •••
4036 1692 37 31 f>d

3431 1743 108 30 United
3570 1745 19 23 S
3612 1745 58 24 dr«
3699 1743 29 26 ot
3768 1738 147 35 America,
3951 1749 43 18 via

3466 1789 56 28 San
3546 1785 159 32 Francisco
3961 1809 29 4 ...
4038 1782 37 30 Od

3427 1830 154 30 Sandwich
3601 1830 126 35 Islands,
3752 1829 43 28 via
3826 1829 57 27 San

3466 1886 79 18 ei/co
3799 1898 17 5 ..
3958 1897 28 5 ...
4035 1870 39 31 Od

3429 1919 82 29 Cara
3513 1928 9 12 f
3522 1918 58 29 'inn
3622 1916 186 33 Dominions,
3845 1916 45 27 via
3938 1917 58 28 2S»n

3471 1960 162 34 F/ancisco
3802 1988 29 5 ...
3961 1987 30 5 ...
4038 1959 36 31 Sd

3435 2008 108 26 British
3561 2006 159 28 Columbia
3803 2029 30 5 ...
3962 2029 28 6 ...
4051 2006 27 26 Is

3434 2049 86 34 West
3539 2048 99 33 Indies
3802 2076 29 5 ...
3959 2074 29 6 ...
4049 2049 29 30 \*

3436 2096 125 32 Mexico,
3577 2104 45 18 via
3636 2096 56 25 San
3715 2094 66 28 F«at
3796 2103 79 19 ci-co
3962 2117 18 6 ..

3433 2138 122 32 Control
3577 2138 136 29 America
3962 2163 29 5 ...
4049 2136 28 30 Is

3432 2183 93 30 South
3544 2183 145 28 America,
3704 2181 45 29 via
3763 2183 57 27 San
3838 2181 157 30 Francisco
4048 2187 30 23 la

3648 2254 216 22 KKWSP.VPKR9.

3437 2307 106 33 Posted
3573 2318 16 20 a
3629 2317 56 22 a»:y
3713 2305 83 32 office
3824 2305 103 31 within
3951 2311 6 23 t
3967 2307 34 30 fie

3472 2354 105 37 colony
3595 2359 45 22 tor
3655 2352 130 37 delivery
3810 2357 23 23 it
3857 2351 48 27 the
3920 2361 80 17 same

3474 2395 84 32 office
3807 2420 29 6 ...
3963 2416 31 6 •••
4045 2394 33 37 jd

3438 2441 106 30 Posted
3572 2447 30 23 at
3628 2450 57 29 any
3713 2438 83 31 office
3823 2437 102 30 within
3951 2437 50 31 the

3473 2486 105 29 colony
3596 2488 44 26 for
3657 2484 124 30 de'iverv
3805 2489 27 23 at
3845 2493 52 29 any
3916 2497 16 13 o
3951 2483 51 29 her

3475 2528 81 31 office
3574 2528 99 31 within
3692 2528 49 28 the
3756 2530 106 36 coiuny
3967 2552 30 5 ...
4045 2526 33 37 £d

3438 2573 171 30 Australian
3625 2572 142 30 Colonies
3969 2597 31 5 ...
4049 2571 29 29 Id

3439 2617 111 31 United
3574 2617 148 38 Kingdom
3967 2641 30 5 ...
4046 2615 32 30 Id

3596 2659 54 32 Vu
3668 2662 56 28 San
3751 2658 164 31 Francsco

3438 2705 111 32 United
3569 2707 100 28 States
3686 2707 27 26 of
3733 2704 138 30 America
3968 2730 29 5 ...
4046 2704 32 29 Id

3437 2747 154 30 Sandwich
3610 2747 117 28 Islands
3969 2771 28 6 ...
4049 2748 7 26 1
4064 2758 14 15 n

3438 2790 150 32 Canadian
3611 2789 177 31 Dominions
3969 2815 30 6 ...
4044 2790 34 28 2(5

3442 2834 109 30 British
3570 2834 159 29 Columbia
3970 2858 29 6 ...
4045 2832 33 28 2d

3443 2878 79 30 West
3544 2877 101 30 Indies
3967 2902 29 5 ...
4045 2877 33 28 2d

3438 2920 122 32 Mexico
3967 2946 29 6 ...
4045 2920 33 29 2d

3438 2965 121 31 Central
3579 2965 136 31 America
3967 2990 29 6 ...
4043 2965 35 28 2>i

3437 3008 95 30 South
3549 3010 156 28 Amerrica
3968 3032 28 7 ...
4042 3007 36 29 2d

3635 3079 83 21 BOOK
3744 3078 138 22 PVCKKTS

3442 3126 105 30 Posted
3574 3131 27 23 tit
3628 3135 55 28 any
3711 3125 83 28 office
3822 3125 102 27 wtliitn
3953 3123 52 29 the

3476 3168 105 38 colony
3599 3168 46 28 for
3660 3168 129 34 delivery
3805 3172 28 22 at
3853 3165 152 34 C»es;ime,

3477 3212 102 31 within
3611 3212 52 29 the
3692 3212 43 30 col
3749 3223 59 27 my,
3838 3209 51 31 the
3927 3210 63 30 Aus

3476 3257 107 29 trnl»an
3756 3266 33 19 or
3814 3255 51 28 the
3892 3254 113 30 United

3481 3300 149 32 Kingdom
3716 3325 30 6 ...
3833 3299 52 30 l-'Z
3970 3324 30 6 ...
4049 3298 23 30 1«

3520 3345 45 29 Do
3717 3368 31 6 ...
3832 3344 53 28 2z
3971 3367 29 6 ...
4048 3344 25 26 2.

3521 3387 46 31 Do
3718 3412 30 6 ...
3970 3411 30 6 ...
4047 3400 27 15 -t»

3520 3431 46 31 Do
3720 3457 28 6 ...
3838 3429 47 31 Ill)
3971 3455 31 5 ...
4047 3431 31 28 St

3445 3477 91 40 Every
3565 3475 163 32 additional
3753 3474 111 39 pound,
3878 3485 34 19 or
3929 3474 62 31 frac-

3478 3521 94 31 tional
3586 3532 16 28 j)
3614 3523 81 26 utot
3713 3530 16 18 a
3747 3519 100 34 pound
3972 3542 30 7 ...
4049 3520 24 27 8'

3607 3563 57 31 Via
3680 3566 56 27 San
3758 3561 169 32 Francisco.

3445 3608 108 33 Urited
3582 3608 112 32 Steles,
3719 3618 88 29 every
3840 3606 49 37 iib
3973 3632 30 6 ...
4048 3607 26 29 4»

3461 3654 133 31 andwieh
3613 3653 114 28 Islands
3849 3675 16 12 „
3972 3676 30 6 ...
4047 3652 26 28 4-

3442 3699 148 30 Canadian
3612 3696 174 31 Dominions
3849 3720 17 13 „
3973 3721 18 6 ..
4049 3698 19 26 (>

3446 3742 107 31 Brit'sh
3572 3742 115 30 Coluinl
3703 3752 25 20 ta
3850 3765 17 11 „
3973 3766 29 5 ...
4049 3740 26 28 (>•

3447 3787 80 29 West
3546 3786 103 30 Indies
3854 3809 16 7 „
3972 3810 29 4 ...
4048 3786 27 26 Cm

3453 4080 148 63 JOB
3624 4077 462 64 PRINTING

3744 4320 56 31 OF

3500 4531 119 45 Every
3645 4527 204 52 description
3878 4527 160 38 executed

3688 4746 52 30 AT
3768 4745 85 29 TIIE

3456 4953 307 61 LYELL
3803 4952 284 59 TIMES

3521 5192 185 40 CLIFF
3758 5192 263 45 STREET,

3704 5410 146 30 LYKLL.
