3300 4320
201 148 414 96 Hot
753 148 690 96 Lakes
1581 148 1379 96 Chronicle.

438 414 212 38 JL.3STTD
703 410 482 41 TOTJB.ISTS
1191 411 16 16 7
2082 411 483 40 J'OTT^nSTJu.Xj.

453 526 448 84 Circulating
923 522 456 88 throughout
1402 521 126 69 the
1552 521 288 69 Tourist
1887 522 303 70 Resorts
2239 526 79 67 of
2353 526 126 69 the
2522 527 268 69 World.

82 686 49 21 VOL.
145 687 17 16 4.
191 683 40 19 No.
248 684 36 17 184.

1295 673 140 21 ROTOEUA,
1451 673 58 21 N.Z.,
1527 672 186 22 WEDNESDAY,
1730 672 76 19 JUNE
1820 673 33 21 10,
1873 674 49 17 1890

2845 679 257 25 PEICE—THKEEPEN
3107 685 37 19 CE.

82 770 19 26 BY
113 766 82 26 SPECIAL
220 765 201 43 mgAPPOINTMI

106 815 55 28 ASK
185 814 145 26 GROCERS
355 814 56 25 FOR

107 1081 157 26 CEYLON

109 1116 129 26 INDIAN
271 1116 29 25 &

108 1151 179 25 BLENDED

183 1191 151 18 AWARDED

87 1218 63 25 GOLD
160 1218 55 24 AND
227 1218 96 23 SILVER
334 1218 110 24 MEDALS

99 1260 55 25 Why
168 1259 46 25 buy
228 1259 97 19 Inferior
338 1259 57 19 Teas
409 1259 63 19 when

65 1294 30 21 you
108 1291 40 15 can
161 1287 37 24 get
212 1285 24 20 N.
253 1285 27 19 M.
297 1285 16 19 &
329 1285 55 20 Ca'B
398 1285 24 19 at
436 1285 37 19 the

65 1318 44 18 Eame
123 1311 65 27 price.
222 1311 34 20 All
271 1311 78 20 others
368 1317 39 14 are
422 1311 51 25 only

64 1340 57 26 copies
139 1339 22 19 in
181 1343 72 18 name,
268 1338 45 19 and
334 1343 40 15 are
388 1337 85 26 pushed

64 1369 24 19 for
99 1365 61 21 extra
173 1364 73 26 profit.

99 1400 12 13 A
120 1398 43 18 proof
174 1398 16 13 of
201 1398 27 14 the
240 1398 94 17 superiority
346 1398 16 12 of
370 1397 19 13 N.
402 1397 20 13 It.
431 1397 12 13 A

87 1416 34 14 Co.'b
130 1416 38 12 Teas
174 1415 14 13 is
197 1415 27 13 the
233 1415 31 13 fart
274 1414 34 14 that
317 1414 75 15 although
399 1414 44 12 tWa

85 1437 23 8 are
116 1431 77 14 hundreds
204 1431 15 12 of
231 1431 54 16 packet
295 1431 32 12 teas
339 1435 18 8 on
370 1430 26 13 the
406 1434 30 9 icar-

86 1449 27 15 ket,
131 1448 18 13 N.
161 1448 21 13 M.
196 1448 11 13 &
221 1447 40 14 Co.'s
276 1447 40 13 Teas
330 1451 26 8 are
373 1447 15 12 in
407 1446 36 13 euoh

87 1464 58 15 demand
155 1464 34 13 that
201 1464 37 16 they
250 1463 28 14 sell
290 1463 53 16 nearly
355 1462 88 14 one-fourth

87 1482 12 14 Of
115 1482 26 12 tho
157 1480 48 14 whole
223 1480 15 14 of
255 1480 27 13 tlio
300 1482 25 11 tea
342 1479 87 13 consumed.

64 1501 89 27 SOLD
189 1499 236 39 EVERYWHI_

69 1565 9 4 -
85 1566 51 15 <;■■■..■.».

454 1587 2 32 I

138 1616 48 24 Do
198 1615 56 25 not
267 1614 119 28 Forget

103 1727 163 19 CURIOSITY
286 1726 80 18 SHOP
384 1724 47 20 and
455 1721 9 34 J

195 1753 139 23 MUSEUM,

126 1794 110 24 Opposite
244 1793 79 19 Grand
330 1792 77 22 Hotel,

99 1834 114 27 'RINCES
224 1835 44 28 ST,
280 1812 194 47 AUCKLAND.I

457 1860 23 25 38

291 1892 183 28 ifg^?MW£g?.

139 1958 139 16 INSURS
304 1957 93 16 in^ITH

61 1992 127 19 TEESOUTH
198 1991 95 18 BRITISH
301 1990 77 19 FIRE&
388 1988 97 18 MARINE

127 2014 40 16 Coy.
179 2014 29 16 OV
219 2012 57 18 NEW
283 2012 122 19 ZEALAND-

61 2037 59 17 Cai-ita]
381 2033 102 18 £1,000,000

98 2056 91 18 Unlimited
204 2056 76 20 liability
288 2056 19 16 of
312 2054 130 17 Shareholders.

61 2080 47 16 Beititr
116 2084 9 10 n
135 2078 76 16 Colonial
225 2077 102 17 Inrtitution
341 2076 63 16 Froiits
418 2081 28 10 arc
459 2075 17 15 in-

200 2098 58 17 vested
266 2098 68 21 locally.

61 2122 41 16 Hmd
118 2122 52 15 Oflico
316 2115 3 23 '
395 2116 89 18 Auckland

61 2143 43 17 Local
113 2146 49 16 agent
342 2139 9 18 3
372 2139 28 18 W.
407 2138 78 21 Wriyley

63 2205 201 46 Rotorua
288 2198 197 49 Sawmill

142 2260 247 54 Company.

68 2347 113 19 «T7IIITE
193 2346 54 18 AND
265 2346 52 18 RED
335 2345 65 18 PINE
419 2344 19 18 of
455 2343 32 18 the

74 2370 23 20 H
141 2371 55 17 finest
203 2369 75 24 quality
286 2369 39 17 and
340 2368 91 21 carefully
448 2367 38 18 cut,

238 2392 64 19 ALSO

61 2422 81 27 Matai,
174 2421 127 26 Pukatea,
330 2419 52 23 and
409 2418 79 22 Tawa

95 2452 127 29 Shingles,
233 2451 117 28 Palings,
364 2449 96 23 Blocks

196 2481 52 24 and
255 2481 84 23 Posts-

81 2515 18 18 A
111 2514 53 25 good
175 2513 40 19 and
226 2512 90 21 assorted
327 2511 73 26 supply
411 2510 77 24 always

61 2548 20 12 on
90 2541 53 18 band
153 2543 21 17 at
184 2539 34 19 tho
228 2538 82 20 Timber
322 2538 62 22 Yard,

177 2571 183 17 RGTGRUK.

61 2601 154 25 N.B.—Special
224 2607 45 13 care
280 2600 63 19 taken
355 2600 19 18 in
393 2599 35 19 the
445 2604 33 13 sea-

229 2627 79 20 soning.

61 2666 100 19 PRICES
174 2665 39 18 AT
226 2663 145 19 CURRENT
384 2661 104 20 RATES.

96 2698 36 20 W,
148 2694 167 26 HENSHAW,
325 2694 120 23 Manager.

62 2844 78 31 COAL
158 2844 25 30 &
203 2840 169 35 FiREWDDQ
393 2839 96 36 YARQ,

142 2888 144 19 PUKUATUA
299 2886 101 21 STREET,

222 2922 103 20 ROTOEXTA,

82 2971 62 17 Goods
152 2969 93 19 delivered
255 2969 49 18 after
317 2967 69 18 arrival
401 2967 20 16 of
433 2966 60 18 trains

62 2995 17 17 to
87 2994 24 18 all
120 2995 52 22 parts
181 2994 20 17 of
208 2993 33 17 the
250 2994 52 15 town
311 2990 47 19 with
366 2990 126 23 promptness.

62 3030 56 24 Large
128 3029 56 19 Stock
198 3028 19 19 of
234 3028 47 18 Coal
297 3028 38 17 and
351 3025 98 20 Firewood
464 3025 19 17 id-

127 3059 51 16 ways
188 3058 23 12 on
220 3052 51 17 hand
282 3051 38 17 and
329 3049 92 19 delivered

182 3077 20 16 at
210 3075 33 18 tho
256 3075 83 18 shortost
349 3074 20 17 at

63 3115 151 25 GREATLY
218 3114 154 24 REDUCES
378 3112 43 24 TLA
427 3112 58 23 TES

64 3242 371 36 CAHPEKTE
453 3242 37 32 8.,

165 3285 105 20 FENTON
287 3284 102 19 STREET,

155 3319 99 19 Opposite
304 3318 80 17 Gkaxh.

86 3348 65 19 Sashos
161 3348 53 18 mado
224 3349 19 16 to
253 3347 60 18 order.

64 3468 111 22 BARBER
198 3468 59 19 AND
288 3465 208 24 HAIRDRESSER,

64 3500 91 43 BEGS
164 3503 21 16 to
196 3506 105 13 announce
311 3499 46 18 that
364 3498 25 19 ho
401 3498 37 18 has
444 3504 42 12 com-

130 3526 83 20 menced
224 3526 94 19 busine&e
328 3525 21 18 in
361 3524 34 19 tho
412 3524 50 25 shop
477 3523 22 19 in

66 3556 32 19 (ho
113 3554 33 18 old
161 3555 60 20 town,
243 3551 96 24 formerly
359 3550 95 25 occupied
471 3549 28 25 by

66 3581 32 20 Mr
106 3579 123 24 McFadyen,
240 3577 87 23 saddler,
344 3576 41 19 and
401 3576 63 25 hopes
478 3577 21 17 to

66 3608 57 19 merit
134 3613 11 12 a
155 3607 59 17 share
225 3604 22 19 of
257 3604 34 19 the
302 3603 70 25 public
382 3606 90 21 support.

146 3637 158 21 RAZORS
335 3636 77 19 SET.

88 3708 21 18 A
118 3706 83 20 Choice
212 3703 154 20 Assortment
379 3702 27 18 of
416 3702 71 18 Tobac-

67 3736 42 18 cos,
121 3731 86 23 Cigars,
217 3728 132 23 Cigarettes
356 3726 21 18 &
384 3724 117 20 Smoker's

67 3754 136 24 Requisites.

68 3797 200 46 AUCKLAND
282 3794 220 19 ADVERTISING

221 3819 114 20 AGENCY,

89 3855 98 17 Victoria
199 3853 90 19 Arcade,
303 3850 74 20 Queen
393 3848 85 19 Street.

120 3884 122 23 Advertising
248 3883 20 17 in
277 3882 26 18 all
316 3882 24 16 its
348 3880 99 18 branches.

68 3910 50 20 Now,
133 3909 75 21 Unique
225 3906 39 18 and
276 3904 87 19 Tasteful
379 3902 123 23 Advertising

238 3929 92 18 Medium.

90 3956 67 17 Orders
167 3955 48 16 from
224 3952 25 19 all
259 3954 53 21 parts
321 3949 91 19 attended
420 3950 21 16 to
455 3949 47 17 with

68 3985 40 11 care
117 3978 38 18 and
163 3976 115 24 expedition.

69 4098 120 26 Plumper
207 4097 22 22 &
239 4093 114 26 General
365 4090 139 28 Mechanic

159 4156 132 19 Tutanekai
311 4152 94 19 Steeet,

790 936 280 49 ROTORUJL
1115 934 127 47 .NEW
1280 933 274 47 ZEJILJI.ND.

499 1028 36 42 T)
543 1027 179 20 OTOETJA.—This
731 1027 106 17 wonderful
844 1027 73 17 district
924 1027 16 18 is
948 1025 131 24 unparalleled
1088 1025 19 17 in
1115 1025 33 17 the
1156 1025 70 17 known
1236 1024 60 17 world
1305 1025 29 16 for
1343 1024 33 17 the
1383 1023 80 18 number
1472 1023 37 17 and
1518 1022 72 24 variety
1600 1023 20 17 of
1628 1023 25 16 its
1661 1022 88 18 Thermal
1759 1021 84 23 Springs.

520 1049 21 22 X
567 1052 25 17 As
601 1057 11 12 a
620 1051 65 18 health
695 1051 60 18 resort
763 1051 25 16 its
796 1050 108 22 popularity
913 1050 16 17 is
937 1049 75 23 rapidly
1021 1049 111 21 increasing,
1143 1048 37 17 and
1193 1048 44 17 that
1251 1047 81 23 entirely
1349 1053 25 11 oa
1386 1047 25 16 its
1428 1052 44 12 own
1487 1046 71 20 merits,
1576 1052 21 11 as
1613 1046 84 17 hitherto
1713 1045 82 22 nothing
1811 1044 34 18 has

497 1075 47 18 been
554 1075 48 17 done
611 1075 18 16 in
640 1074 31 18 the
680 1080 42 16 way
732 1074 19 17 of
760 1074 121 22 advertising.
1707 1091 5 5 .

521 1098 85 17 Patients
616 1097 91 23 suffering
714 1096 49 19 from
773 1096 86 20 Chronic,
868 1096 102 20 Articular,
981 1095 38 17 and
1026 1095 98 17 Muscular
1131 1095 129 19 rheumatism,
1271 1094 58 20 Gout,
1339 1092 101 20 Rhumatie
1447 1093 56 19 Gout,
1519 1093 45 16 Skin
1573 1093 92 19 Diseases,
1681 1091 87 19 Sciatica,
1786 1091 44 17 Lum-

497 1121 56 22 bago,
574 1121 109 22 Neuralgia,
701 1121 87 16 Nervous
804 1119 125 20 Exhnustion,
946 1119 80 17 Uterine
1042 1118 99 20 Ailments,
1159 1117 38 17 and
1212 1117 58 22 tardy
1286 1117 142 17 convalescd'se
1444 1116 50 17 from
1510 1117 55 16 acute
1581 1115 81 18 diseases
1679 1121 43 15 may
1738 1114 41 22 rely
1795 1119 51 17 upon

498 1145 100 21 obtaining
606 1144 91 17 immense
706 1143 58 20 relief,
775 1143 37 16 and
821 1143 19 16 in
847 1143 33 16 the
888 1142 91 22 majority
988 1142 20 17 of
1015 1147 52 12 cases
1075 1147 12 11 a
1096 1141 91 21 complete
1197 1146 49 11 cure.

521 1205 53 17 THE
589 1204 112 18 PRIEST'S
710 1204 76 16 BATH.
788 1203 67 17 —This
864 1204 16 16 is
888 1203 88 22 strongly
984 1202 47 18 acid,
1047 1201 111 21 aluminous,
1175 1201 80 22 sulphur
1271 1202 65 18 water,
1354 1201 65 21 acting
1436 1205 20 11 as
1473 1206 11 10 a
1499 1199 94 23 powerful
1609 1199 43 17 skin
1668 1199 105 17 stimulant.
1806 1197 41 18 Hot

499 1228 38 17 and
546 1228 42 16 cold
597 1228 88 18 showers,
695 1227 38 17 and
742 1227 81 17 douches
832 1232 31 11 are
871 1226 91 22 provided
971 1226 38 16 and
1017 1225 126 21 comfortably
1151 1224 87 17 enclosed
1247 1223 87 23 dressing
1343 1229 61 12 rooms

523 1251 114 17 MADAME
658 1250 126 18 RACHEL'S
804 1249 145 18 BATH.—This
958 1248 106 18 celebrated
1073 1248 71 22 Spring
1152 1248 15 16 is
1176 1254 11 10 a
1202 1247 63 17 Saline
1280 1248 59 16 water
1352 1247 46 16 with
1416 1246 90 21 Silicates,
1520 1246 39 17 and
1571 1246 35 17 has
1623 1251 24 11 an
1660 1245 82 17 alkaline
1758 1244 88 17 reaction.

500 1275 38 16 The
548 1276 58 15 water
614 1274 16 16 is
640 1274 38 17 also
687 1279 23 11 us
715 1273 19 17 ;d
742 1272 102 23 internally
852 1273 30 17 for
890 1273 25 16 its
923 1272 98 17 beneficial
1030 1272 64 17 action
1101 1277 24 11 on
1134 1270 33 18 the
1174 1270 85 22 kidneys.

523 1297 52 17 THE
596 1296 70 18 BLUE
687 1296 145 17 BATH.—This
848 1296 15 16 is
880 1295 32 18 the
929 1296 72 22 largest
1017 1294 76 18 natural
1110 1294 107 22 swimming
1233 1293 47 17 bath
1295 1293 20 17 in
1331 1293 32 17 the
1379 1292 93 18 Southern
1481 1291 131 24 Hemisphere.
1639 1292 19 17 It
1666 1291 70 18 affords
1745 1290 103 17 rheumatic

500 1321 80 16 invalids
590 1326 10 10 a
609 1326 63 11 means
682 1320 20 16 of
711 1319 68 23 taking
786 1319 82 21 painless
877 1319 86 17 exorcise,
974 1318 61 17 which
1045 1317 46 22 they
1099 1317 67 21 highly
1175 1316 114 23 appreciate.

524 1343 52 17 THE
586 1343 124 17 SULPHUR
718 1342 105 17 VAPOUR
833 1342 145 17 BATH.—This
985 1342 15 16 is
1006 1347 11 11 a
1023 1340 76 18 natural
1105 1340 34 17 hot
1144 1345 79 18 vapour,
1229 1340 69 21 highly
1305 1339 81 22 charged
1392 1338 45 18 with
1445 1338 79 22 sulphur
1532 1344 60 17 gases,
1606 1337 105 18 conducted
1724 1337 40 17 into
1779 1342 11 11 a
1804 1342 33 17 pro-

501 1366 54 23 perly
563 1366 120 17 constructed
692 1366 58 17 chest,
760 1366 20 16 in
789 1365 60 17 which
855 1365 32 17 the
895 1365 32 17 the
932 1365 75 22 patient
1016 1364 39 20 sits,
1065 1363 55 17 while
1129 1369 11 11 a
1148 1364 68 16 stream
1223 1363 19 17 of
1247 1362 89 23 palpable
1345 1362 79 21 sulphur
1429 1362 15 16 is
1450 1362 58 21 being
1513 1362 108 21 constantly
1627 1360 97 23 deposited
1731 1366 23 11 on
1762 1360 31 16 the
1800 1359 48 17 skin.

525 1390 52 18 THE
598 1389 59 17 NEW
679 1389 123 19 SULPHUR
822 1388 146 17 BATH.—This
981 1388 15 16 is
1010 1394 10 10 a
1032 1393 46 16 very
1091 1387 65 22 strong
1168 1385 59 18 acidic
1240 1388 59 15 water
1311 1385 20 17 of
1343 1384 46 23 high
1402 1386 132 21 temperature,
1548 1385 38 16 and
1603 1384 88 21 strongly
1708 1382 140 19 recominonded

501 1413 20 16 in
538 1418 50 12 cases
605 1413 20 16 of
641 1412 123 17 rheumatism
774 1411 37 18 and
820 1411 56 18 allied
884 1411 87 17 diseases.
996 1411 39 16 The
1044 1410 47 17 bath
1106 1410 58 17 house
1180 1409 16 18 is
1212 1408 77 18 dividbd
1304 1409 41 16 into
1362 1408 67 17 Ladies
1445 1408 39 17 and
1500 1408 121 17 Gentlemcns
1638 1407 129 22 departments
1781 1405 37 18 and
1834 1405 14 18 ie

503 1436 76 22 capable
588 1436 20 16 of
616 1434 165 22 accommodating
787 1435 35 17 400
831 1435 76 16 bathers
916 1435 58 17 daily.

527 1460 52 16 THE
588 1458 163 18 ELECTRICAL
760 1457 254 18 DEPARTMENT.--This
1023 1457 120 22 department
1157 1456 16 16 is
1191 1456 70 22 replete
1278 1455 47 17 with
1339 1455 32 17 the
1388 1455 49 17 most
1451 1455 78 17 modern
1545 1454 108 23 appliances
1669 1453 30 18 for
1715 1453 88 22 carrying
1818 1453 30 16 out

504 1483 73 15 various
588 1483 57 15 forms
655 1483 19 15 of
683 1481 79 17 medical
771 1481 92 17 electrical
872 1483 104 15 treatment,
984 1481 19 16 in
1012 1481 49 16 their
1072 1480 87 16 entirety.

528 1505 53 18 THE
587 1504 190 18 HYDROPATHIC
785 1504 116 17 PACKING
906 1504 54 17 AND
968 1503 119 18 MASSAGE
1094 1502 224 19 DEPARTMENT.—A.
1325 1502 55 17 series
1386 1502 20 17 of
1412 1507 61 11 rooms
1480 1506 32 13 are
1520 1500 98 19 furnished
1628 1500 37 17 and
1675 1502 27 14 set
1709 1502 55 19 apart
1771 1500 28 16 for
1805 1498 43 19 each

504 1535 38 14 sex,
550 1529 19 16 hi
576 1528 55 17 order
636 1530 20 15 to
664 1534 55 16 carry
725 1529 33 16 out
767 1528 37 16 this
809 1528 104 21 important
920 1527 80 22 adjunct
1005 1528 19 16 to
1031 1526 108 19 treatment.
1146 1526 39 16 The
1190 1526 79 17 services
1275 1525 21 17 of
1301 1531 11 11 a
1317 1524 88 24 qualified
1412 1524 96 18 Masseuse
1513 1524 37 17 and
1556 1524 86 17 Masseur
1651 1530 30 10 are
1690 1522 113 18 obtainable.

505 1585 90 16 Resident
604 1584 96 19 Ensrineer
708 1579 3 24 ■
1398 1580 91 19 Resident
1497 1580 82 17 Medical
1589 1579 169 24 Superintendent,:

575 1608 116 16 CAMILLE
704 1607 133 17 MALEROY,
846 1607 46 17 Esq.
1476 1604 103 17 ALFRED
1593 1603 120 19 (iINDERS,
1728 1602 53 17 M.D.

715 1876 57 22 Two
786 1876 68 22 miles
869 1874 76 34 from
964 1876 121 26 Rolorua,
1108 1874 134 31 adjoining
1257 1874 150 30 interesting
1417 1874 82 22 native
1510 1874 144 23 settlement.

1126 1914 153 41 *■**-

1032 2040 24 22 P
1075 2041 24 21 A
1124 2039 24 23 T
1164 2039 23 24 R
1208 2039 22 23 O
1247 2039 33 24 N
1298 2039 21 23 S
1329 2048 9 15 ;

651 2073 54 18 Earl
730 2072 27 18 of
778 2072 106 24 Kintore,
911 2072 54 20 Bad
990 2072 27 18 of
1039 2071 100 22 Onslow,
1162 2071 104 23 Marquis
1288 2070 27 19 of
1333 2070 128 23 Drogheda,
1485 2070 61 19 Lord
1567 2070 146 23 Carrington.

510 2096 89 28 rjIHIS
613 2096 94 21 HOTEL
717 2096 36 19 has
764 2095 88 25 recently
863 2097 51 17 been
924 2095 142 25 considerably
1077 2095 102 24 enlarged,
1190 2095 118 23 renovated,
1320 2095 40 18 and
1369 2094 130 19 refurnished
1509 2094 114 25 regardless
1633 2095 20 18 of
1670 2099 93 19 expanse,
1784 2093 39 19 and
1840 2093 17 18 is

522 2117 19 26 1_
577 2123 72 24 widely
660 2123 75 18 known
745 2123 32 17 for
788 2123 26 17 its
823 2121 99 19 excellent
932 2121 178 21 accommodation,
1123 2120 87 23 Cuisine,
1224 2122 41 18 &e.-

885 2157 73 23 Here
971 2166 45 14 are
1029 2157 41 23 the
1083 2156 81 31 Chief
1172 2156 90 30 Sights
1274 2156 32 31 of
1313 2156 41 23 the
1366 2155 118 23 District.

640 2197 47 19 The
696 2197 139 19 Wonderful
844 2197 81 18 Steam
935 2197 46 18 and
990 2197 49 18 Hot
1047 2196 84 19 Water
1140 2196 130 22 Petrifying
1280 2196 99 23 Geysers
1393 2195 80 23 playing
1485 2195 67 22 nearly
1570 2196 33 15 100
1620 2195 38 18 feet
1674 2194 52 23 high.

510 2222 131 22 Petrifying
650 2221 107 23 Geysers,
768 2220 128 19 Cauldrons
906 2220 26 18 of
939 2220 91 23 Boiling
1038 2220 58 19 Mud
1104 2219 46 18 and
1160 2219 42 18 Oil.
1229 2220 76 24 Spout
1315 2218 64 23 Bath,
1392 2218 34 19 Oil
1436 2218 65 23 Bath,
1512 2218 71 18 Alum
1593 2218 60 18 Bath
1663 2218 19 18 &
1697 2217 79 19 Jack's
1788 2217 68 19 Bath.

512 2245 79 19 Known
603 2246 32 18 for
643 2245 34 19 the
685 2244 153 24 extraordinary
848 2250 57 12 cures
911 2244 22 19 of
943 2243 149 24 Rheumatism,
1102 2243 121 24 Keuralgia,
1232 2242 114 26 Lumbago,
1355 2242 91 24 Sciatica,
1455 2242 88 24 Kidney,
1556 2242 62 18 Liver
1626 2241 40 19 and
1673 2241 57 19 other
1738 2241 120 24 complaints

627 2279 42 47 C.
696 2280 41 44 E.
760 2277 237 51 .NELSO.N,

922 2335 104 27 Guide

1324 2333 124 33 Sophia.

1460 2276 280 56 Proprietor.

1038 2487 33 51 E
1130 2486 154 52 MQI

934 2553 40 23 On
997 2552 41 24 the
1063 2552 88 23 Direct
1174 2552 81 23 Route
1277 2555 22 20 to
1320 2551 118 24 Rolorua-

748 2594 46 19 For
811 2594 106 23 Scenery,
934 2593 110 18 Curative
1056 2592 130 23 Properties
1197 2592 25 18 of
1228 2592 41 18 the
1279 2592 73 18 Baths
1361 2591 46 19 and
1416 2591 208 22 accommodation,

656 2625 123 26 EXCEL
811 2624 70 27 ALL
913 2624 142 26 PLACES
1086 2624 46 26 OF
1162 2624 74 25 THE
1272 2624 87 25 KIND
1392 2623 32 25 IN
1456 2623 75 25 THE
1564 2622 160 26 COLONY.

538 2691 67 18 These
616 2690 94 26 Springs,
721 2690 65 18 which
797 2689 32 18 for
839 2688 54 19 their
911 2688 97 20 Curative
1019 2686 116 28 Properties
1145 2687 40 19 and
1195 2687 139 19 Comfortable
1344 2686 96 25 Fittings,
1451 2686 52 19 Lave
1515 2685 50 20 been
1583 2686 130 25 pronounced
1727 2685 28 26 by
1771 2686 28 18 all
1815 2686 45 18 who

512 2718 52 18 have
584 2716 75 19 visited
679 2716 56 19 them
752 2721 75 14 second
845 2721 24 12 to
886 2720 55 13 none
958 2720 22 13 rx
996 2714 53 19 New
1066 2714 105 18 Zealand.
1199 2713 43 19 The
1256 2719 110 13 numerous
1376 2712 135 20 testimonials
1521 2712 91 20 received
1625 2719 21 11 as
1658 2714 20 17 to
1688 2712 54 19 their
1752 2719 56 12 cures
1818 2712 42 18 and

513 2744 85 18 comfort
610 2742 75 19 should
704 2742 26 18 bo
748 2741 99 19 sufficient
864 2743 20 16 to
901 2740 73 19 induce
990 2740 91 19 Tourists
1097 2739 41 19 and
1151 2739 68 19 others
1236 2742 20 16 to
1266 2739 48 19 visit
1326 2739 61 19 them.
1416 2738 32 19 No
1459 2741 58 17 extra
1527 2738 75 27 charge
1613 2738 17 19 is
1640 2738 59 19 made
1709 2738 32 19 for
1750 2738 35 19 the
1795 2744 35 13 use
1840 2738 21 19 of

513 2770 34 18 the
558 2769 62 19 baths
630 2772 20 15 to
660 2774 84 19 persons
755 2768 82 24 staying
847 2769 19 16 at
877 2766 34 19 the
922 2766 62 19 hotel.

833 2814 84 25 THE
943 2798 532 41 OKOT^IRE~'s7INATORIUM

539 2858 23 19 Is
572 2857 110 20 connected
692 2857 51 19 with
753 2856 34 19 the
797 2855 134 25 Telegraphic
943 2858 75 22 system
1028 2855 21 19 of
1059 2854 33 19 the
1103 2853 82 25 Colony,
1196 2854 34 18 the
1239 2853 116 26 Telegraph
1366 2853 61 19 Office
1437 2853 108 26 adjoining
1555 2853 35 19 the
1601 2852 71 20 Hotel.
1700 2852 36 19 All
1743 2852 118 26 Telegrams

515 2884 102 25 promptly
627 2883 79 24 replied
715 2885 27 16 to.

541 2910 96 23 Coaches,
649 2909 99 24 Buggies,
760 2907 40 19 and
811 2907 142 24 Conveyances
963 2907 21 18 of
994 2907 26 18 all
1031 2906 60 19 kinds
1110 2906 57 19 leave
1185 2905 40 20 this
1244 2905 62 19 Hotel
1324 2912 24 12 on
1367 2905 111 25 Tuesdays,
1499 2905 125 25 Thursdays,
1644 2904 39 19 and
1703 2904 118 25 Saturdays,
1841 2911 22 12 or

515 2937 55 23 daily
579 2936 18 18 if
608 2935 103 25 required.
753 2934 87 19 Persons
859 2940 25 12 en
903 2935 58 17 route
981 2933 31 18 for
1030 2932 91 19 Rotorua
1136 2939 33 12 are
1189 2932 103 19 therefore
1312 2932 87 18 enabled
1419 2935 18 15 to
1457 2932 48 18 visit
1515 2932 35 18 the
1566 2931 92 19 wonders
1668 2931 21 18 of
1703 2930 102 24 Okoroire,
1823 2930 39 19 and

515 2962 62 26 enjoy
586 2962 37 20 the
632 2961 90 19 Natural
732 2961 44 19 Hot
786 2960 64 19 Laths
859 2959 41 19 and
908 2966 13 12 a
930 2959 57 25 day's
998 2961 41 16 rest
1049 2958 93 26 previous
1153 2961 19 16 to
1184 2958 140 24 undertaking
1334 2964 11 12 a
1355 2958 87 24 journey
1452 2959 20 18 to
1483 2958 34 18 the
1530 2957 73 19 Lakes.

1077 3006 83 16 THIS
1185 3006 121 17 HOTEL

689 3038 45 19 Has
743 3036 89 24 recently
843 3036 49 19 been
903 3036 86 22 erected,
999 3035 40 18 and
1054 3035 16 18 is
1080 3035 77 24 replete
1167 3034 48 19 with
1233 3041 61 18 every
1304 3035 85 18 comfort
1399 3034 32 18 for
1440 3034 93 19 Tourists
1543 3034 40 18 and
1593 3033 99 19 Invalids.

545 3065 65 20 Note.
614 3064 118 19 —Tourists
742 3066 20 17 to
772 3061 103 22 Botorua!
903 3062 31 18 Be
945 3068 45 12 sure
1004 3064 21 15 to
1041 3060 47 19 take
1107 3067 51 18 your
1176 3061 85 25 railway
1280 3060 72 19 tickets
1371 3061 31 18 for
1418 3060 115 19 Okokoike.
1571 3059 143 26 Conveyances
1729 3061 53 17 meet
1800 3059 64 19 trains

517 3091 104 24 Okoroire,
632 3090 97 25 carrying
739 3095 120 20 passengers
870 3091 20 16 to
900 3088 65 18 Hotel
974 3088 43 18 free
1033 3087 21 18 of
1063 3086 81 25 charge.

1080 3297 147 34 '±&^&\

780 3431 246 42 EXPRESS
1062 3430 135 39 LINE
1233 3429 70 41 OF
1340 3429 267 39 COACHES.

522 3486 230 58 Carrying
771 3485 96 45 .Her
893 3482 255 57 .Majesty's
1183 3481 138 46 JViails
1352 3493 52 35 as
1442 3493 84 44 per
1556 3479 312 55 Time-tables,

687 3554 275 20 TAURANGA-ROTORUA
975 3552 70 18 LINE.

680 3597 67 22 depart
794 3594 86 23 Tuesday
888 3593 39 18 and
936 3592 94 22 Saturday
1086 3592 10 17 8
1105 3597 33 12 a.ir

680 3620 58 17 arrive
827 3631 10 7 „
867 3612 3 26 '
983 3629 11 8 ~
1046 3615 50 17 10-30
1105 3621 31 10 .1,11

680 3643 65 14 •Imun-i;
982 3652 12 5 ~
1046 3638 49 17 10.45
1105 3644 30 11 it.ll

790 3687 86 22 Monday
892 3686 39 18 and
947 3685 71 22 Friday

1044 3708 51 16 12.30
1103 3712 46 18 p.m.

1043 3731 50 16 12.46
1103 3735 45 18 p.m.

1053 3754 41 16 tf.lO
1103 3758 45 17 p.m.

1198 3592 85 18 Rotorua

1199 3614 96 18 Ateamuri

1197 3637 94 18 Wairatei

1197 3662 72 21 Taupo,

1197 3685 72 22 Taupo,

1197 3706 94 19 Wairakei

1197 3730 105 20 Ateamuri,

1197 3753 91 21 Rotorua,

1375 3551 217 17 ROTORUA-TALTO
1610 3551 69 17 LINE.

1365 3592 40 21 part
1452 3591 118 22 Wednesday
1589 3590 37 17 and
1648 3590 56 17 Satur

693 3813 126 33 Special
831 3812 232 31 Conveyances
1076 3809 158 32 arranged
1246 3808 50 26 for
1309 3808 33 26 at
1354 3807 54 26 the
1422 3807 147 26 Shortest
1582 3806 121 26 Notice.

851 3846 201 30 STABLES:
1070 3846 169 26 Tutanekai
1269 3846 111 28 Street,
1404 3845 143 24 Rotorua.

689 3892 114 34 Buggies,
822 3890 118 32 ©oaefyes
958 3888 51 33 ai?d
1027 3887 95 29 <§a<Me
1141 3886 93 34 gorges
1250 3895 31 23 or?
1299 3885 51 34 tyre
1368 3894 31 24 or?
1417 3885 45 33 tfye
1480 3885 121 32 Shortest
1619 3884 95 32 I^otice.

1011 3929 131 17 TER7UJS
1170 3927 217 19 JiHODERKTS.

876 3961 147 30 Telegrams
1034 3958 53 25 and
1096 3959 100 23 Letters
1204 3957 152 32 punctually
1368 3956 118 23 attended
1494 3959 29 21 to.

526 4032 78 26 NB.
640 4029 115 27 Please
767 4027 75 26 note
855 4026 134 26 address

647 4070 61 66 e.
759 4065 461 69 ROBeRTSON
1268 4062 48 66 &
1350 4062 129 68 CO..
1517 4070 235 46 Rotorua.

647 4145 188 51 i™Sole
856 4146 309 50 qontraetors
1188 4139 77 45 for
1281 4137 181 50 .Messrs
1483 4136 47 48 T.
1551 4134 128 49 Cook.
1698 4134 47 50 &
1767 4134 103 50 Son.

2065 769 60 23 Hot
2152 767 97 26 Lakes
2268 768 34 25 of
2319 768 69 25 New
2407 769 143 26 Zealand.

2007 917 27 19 IS
2047 917 23 17 A
2082 917 193 19 FIRST-CLASS
2288 917 205 19 TEMPERANCE
2507 919 108 19 HOTEL.

1955 955 237 23 HIN6MOH
2210 955 198 24 STREET,
2430 955 237 25 ROTORUH.

1868 1020 83 28 rpiIIR
1964 1020 60 17 NEW
2037 1020 53 17 AND
2103 1019 191 18 COMFORTABLE
2307 1018 216 19 ESTABLISHMENT
2531 1020 16 17 is
2557 1020 81 17 situated
2646 1020 20 17 in
2675 1020 32 17 the
2715 1024 41 12 new

1875 1037 21 25 _§_
1930 1042 95 23 township
2034 1043 20 17 of
2063 1042 89 21 Rotorua,
2162 1042 49 18 close
2220 1044 20 16 to
2249 1042 33 17 the
2291 1042 126 18 Government
2433 1041 120 20 Sanatorium
2566 1043 38 17 and
2616 1042 65 21 Baths,
2696 1041 60 19 which

2189 1065 92 22 comprise
2289 1065 32 17 the
2331 1065 104 17 celebrated

1868 1094 93 19 Priest's
1971 1094 65 21 Bath,
2046 1094 109 18 Madame
2164 1093 87 19 Rachel
2260 1093 79 22 Baths,
2350 1093 139 19 Chameleon
2499 1093 95 19 Douche
2604 1093 65 22 Bath,
2684 1093 73 23 Large
2768 1091 1 25 !

1939 1117 56 19 Blue
2005 1116 137 24 Swimming
2151 1117 65 21 Bath,
2234 1117 103 22 Sulphur
2348 1116 95 23 Vapour
2453 1117 61 18 Bath
2522 1117 47 18 and
2578 1116 111 19 Galvanic

2226 1140 98 22 Battery
2333 1140 64 20 Bath,

1867 1164 71 18 OVER
1950 1164 92 17 'WHICH
2058 1163 85 18 LARGE
2161 1163 119 17 BATHING
2297 1163 140 17 PAVILIONS
2457 1163 72 17 HAVE
2550 1163 70 17 BEEN
2639 1163 119 17 ERECTED

1974 1187 46 18 with
2029 1192 100 12 numerous
2138 1186 92 23 Dressing
2246 1186 76 21 Rooms,
2332 1187 35 15 etc
2392 1185 76 19 Besides
2476 1187 53 16 these
2536 1187 54 16 there
2599 1186 15 18 is
2622 1186 33 18 the

1869 1210 135 19 Pain-killer
2016 1210 65 22 Bath,
2098 1209 133 23 Coffee-pot,
2247 1208 132 19 Cameron's
2392 1209 46 18 and
2453 1209 129 19 Hinemaru
2596 1209 73 18 Baths
2682 1208 23 19 in
2719 1209 40 17 the

2174 1231 151 20 Sanatorium
2342 1232 113 19 Grounds.

1870 1279 114 19 Bathgate
2002 1278 73 18 House
2092 1277 37 19 has
2145 1277 52 19 Ireen
2217 1277 80 24 greatly
2314 1275 97 26 enlarged
2427 1277 31 18 foi*
2474 1277 93 19 Tourists
2583 1283 23 13 as
2625 1276 45 20 well
2688 1282 22 13 as
2729 1276 32 18 for
2768 1274 1 27 I

2107 1303 72 25 people
2192 1303 74 24 taking
2276 1309 12 12 a
2298 1309 70 12 course-
2378 1302 20 19 of
2408 1302 34 19 the
2453 1302 71 20 Baths.

2126 1337 133 19 TERMS
2279 1337 230 20 MODERATE.

2049 1383 53 35 S.
2149 1383 53 35 T.
2462 1384 45 34 N
2531 1385 53 36 T,

2195 1428 243 17 PROPRIETOR.

1872 1454 127 19 N.B.—Most
2007 1456 21 17 of
2035 1456 54 17 those
2098 1456 43 18 who
2149 1457 45 17 visit
2202 1458 75 17 Brent's
2286 1458 24 18 do
2319 1465 20 11 so
2347 1459 84 23 through
2441 1461 31 16 the
2487 1460 46 18 kind
2548 1461 180 18 recommendations
2744 1462 20 17 of

2213 1481 87 22 previous
2310 1484 107 16 customers.

1977 1666 166 38 QTODKKH
2169 1668 205 35 STREET,
2392 1668 275 32 AUCKLAND*

2105 1715 107 20 UNDER
2225 1716 76 19 NEW
2314 1716 225 20 MANAGEMENT.

2094 1747 456 64 JOSEPJiXeRJIE.

2005 1826 60 18 'Late
2075 1827 21 17 of
2107 1826 33 20 the
2150 1826 57 19 Lake
2218 1827 71 18 House
2305 1827 38 18 and
2360 1827 72 19 Palace
2443 1827 79 22 Hotels,
2535 1827 107 24 Rotorua,)

2125 1858 48 18 Has
2180 1858 51 23 just
2241 1858 71 18 taken
2324 1863 56 13 over
2388 1858 47 18 this
2445 1858 76 19 Hotel.

1877 1880 129 19 Travellers
2015 1881 47 18 will
2071 1880 48 20 find
2128 1886 69 19 every
2206 1881 99 18 Modern
2314 1881 160 19 Convenience
2484 1881 122 20 combined
2611 1881 59 19 with
2676 1881 93 24 Civility

2182 1905 47 18 and
2235 1905 98 23 Prompt
2339 1905 123 18 attention.

1904 1949 44 19 The
1959 1949 97 19 situation
2067 1949 21 19 of
2103 1949 35 19 Iho
2154 1949 125 19 Waveki.ey
2298 1950 82 18 renders
2401 1950 14 18 it
2434 1950 97 24 specially
2550 1950 120 19 convenient
2688 1949 31 19 for
2735 1949 34 19 the

1879 1974 118 27 Travelling
2007 1975 73 18 Public
2090 1975 40 19 and
2148 1975 88 21 Visitors
2253 1979 20 16 to
2291 1976 34 18 the
2342 1975 46 25 City
2404 1976 52 18 from
2472 1976 35 19 the
2522 1976 91 24 Country
2631 1975 27 25 by
2678 1975 52 19 train
2747 1982 22 12 or

1879 2004 92 16 steamer.

1880 2027 102 29 Special
1992 2027 207 29 Arrangements
2209 2028 75 22 made
2295 2028 38 22 for
2348 2027 44 23 the
2408 2029 177 22 convenience
2599 2028 28 23 of
2638 2027 130 23 Families.

2074 2067 200 16 NIGHT
2319 2067 263 16 RORTKR.

1882 2107 176 26 First-class
2074 2108 115 26 Billiard
2208 2109 118 24 Rooms.
2364 2109 99 26 Wines
2477 2110 61 25 and
2555 2109 108 29 Spirits
2677 2109 92 24 ofthe

1960 2141 70 25 best
2045 2141 124 25 Brands.
2215 2142 172 25 Hancock's
2409 2142 82 26 Prize
2505 2142 104 26 XXXX
2625 2142 68 25 Ales

2152 2174 115 32 always
2286 2181 37 18 on
2350 2175 141 31 draught.

2775 743 219 46 IMPERIAL
3049 748 144 50 HOTEL,

2818 800 124 23 PORT
2966 802 193 25 STREET.

2910 830 160 21 AUCKLAND.

2803 888 96 25 Splendid
2915 892 166 20 accommodation
3093 894 31 19 for
3136 895 48 19 Tour-

2777 914 36 18 ists
2823 915 39 18 and
2872 915 117 22 Travellers.

2795 948 182 33 High-class
2996 952 107 26 Wines
3125 955 62 24 and

2889 983 114 32 Spirits
3016 984 82 33 kept.

2825 1053 40 25 W.
2898 1055 31 24 H.
2960 1056 201 33 PEARCE,

2905 1092 176 32 Proprietor.

2861 1139 14 16 L
2903 1140 16 17 E
2946 1141 17 16 N
2996 1143 14 15 A.
3041 1143 15 15 L
3087 1142 16 18 V
3136 1144 13 16 0
3183 1144 22 21 N,

2884 1181 110 19 SYMONDS
3010 1183 93 22 STEEET,

2784 1210 93 21 (Formerly
2885 1212 27 15 Sir
2922 1212 50 16 Fred.
2986 1212 103 18 Whitaker's
3100 1214 106 20 Residence,}

2925 1241 95 20 Telephone
3033 1243 37 16 514.

2804 1270 17 14 A
2829 1269 40 16 Few
2877 1270 61 16 Ladies
2947 1271 33 15 and
2989 1271 99 17 Gentlemen
3100 1278 31 11 can
3145 1274 20 15 be
3180 1278 18 12 ac-

2784 1291 116 16 commodated
2903 1291 42 17 with
2949 1292 76 21 superior
3027 1292 55 18 Board
3089 1293 12 17 &
3109 1294 98 17 Residence.

2806 1318 36 18 The
2850 1320 52 16 house
2910 1321 14 15 is
2932 1322 74 15 situated
3014 1322 16 15 in
3036 1322 46 19 large
3088 1324 80 18 grounds,
3176 1324 34 15 mid

2785 1341 97 16 commands
2890 1342 110 21 magnificent
3008 1343 51 15 views
3066 1344 17 14 of
3093 1344 28 15 the
3129 1344 80 16 harbour.

2774 1370 4 88 i
2807 1370 63 16 Tennis
2879 1371 60 16 Lawn.

2808 1400 35 15 Ten
2852 1401 80 15 minutes'
2942 1401 44 16 walk
2996 1401 43 16 from
3049 1402 27 15 the
3084 1402 40 16 Post
3133 1402 57 17 Ofliee.

2808 1428 41 17 Car*
2860 1430 32 15 and
2901 1430 62 16 Busses
2971 1436 38 15 pass
3018 1430 29 17 the
3142 1435 45 14 ,/ate.

2788 1473 75 20 T£W
2864 1473 3 23 J
2872 1474 108 20 HONJ£2!>O.
3074 1475 139 21 BJLi-LAR.pS.

2806 1503 226 26 CLARENDON
3069 1505 129 32 HOTEL,

2817 1543 81 17 Junction
2907 1545 58 17 Queen
2974 1545 33 15 and
3023 1546 91 16 Wakefield
3124 1547 59 16 Street.

2894 1574 138 31 /fueklarjd,
3051 1575 59 26 O.Z.

2790 1630 146 24 First-class
2954 1633 197 24 accommodation
3169 1635 49 30 for

2938 1664 146 25 Travellers.

2872 1704 49 18 Hot
2929 1705 46 17 and
2989 1705 55 18 Cold
3057 1706 77 20 Batlis.

2812 1735 42 17 Bost
2862 1735 59 17 Wines
2928 1736 32 16 and
2969 1737 61 20 Spirits
3041 1737 64 20 always
3112 1739 17 14 in
3138 1738 56 18 Stock.

2885 1765 35 17 Hot
2929 1766 60 15 Lunch
2999 1767 18 15 12
3029 1767 17 15 to
3055 1767 8 15 2
3071 1767 53 21 daily.

2791 1794 38 19 W.
2849 1795 108 22 LYNCH,
2995 1806 8 3 -
3039 1806 7 3 -
3081 1797 137 23 Proprietor.

2898 1827 52 20 PF.An
2962 1827 62 20 jMIT.LE
3036 1833 90 14 yAILTHE.

2854 1873 37 25 H.
2911 1872 28 26 &
2958 1872 38 25 H.
3023 1872 31 26 C.
3084 1873 134 31 Wright.

2837 1992 122 24 (Successors
2969 1992 21 17 to
3001 1990 24 19 A.
3036 1990 22 19 L.
3074 1990 101 27 Wright.)

2820 2025 73 23 Notify
2900 2025 45 19 that
2955 2025 47 24 tliey
3011 2032 34 12 are
3055 2025 118 25 continuing
3184 2026 34 19 the

2794 2051 96 19 Business
2900 2054 20 16 at
2928 2051 34 19 the
2973 2051 97 19 Premises
3080 2053 34 23 top
3121 2052 21 18 of
3149 2051 58 20 Short-

2794 2077 126 20 land-street.
2948 2077 41 18 The
2999 2076 110 26 high-class
3126 2078 55 18 work
3198 2078 20 18 of

2794 2104 34 18 the
2838 2103 41 19 late
2889 2103 32 18 Mr
2930 2103 24 18 A.
2964 2103 23 18 L.
2999 2103 82 24 Wright
3093 2103 39 19 will
3142 2103 25 19 bo
3185 2103 22 20 ad-

2794 2129 61 20 hered
2866 2132 25 20 to,
2903 2129 40 19 and
2953 2135 39 18 any
3006 2129 38 18 left
3060 2129 115 19 unfinished
3193 2129 25 25 by

2795 2156 44 18 that
2849 2155 115 25 gentleman
2976 2154 39 20 will
3025 2155 25 18 be
3065 2155 111 25 completed
3194 2155 24 25 by

2888 2181 34 19 the
2928 2188 43 11 now
2982 2183 144 22 management.

2794 2216 115 24 Telephone
2919 2216 43 18 657.

1882 2300 80 19 Under
1969 2301 40 18 the
2015 2300 172 23 distinguished
2193 2301 129 23 patronage
2329 2300 27 19 of
2359 2300 42 19 His
2408 2301 139 23 Excellency
2556 2301 62 18 Lord
2627 2301 143 23 Carrington,

1905 2332 121 19 Governor
2035 2332 25 18 of
2067 2332 99 22 N.S.W.,
2178 2333 46 17 and
2234 2333 61 17 Lord
2312 2332 94 19 Onslow
2415 2333 120 18 Governor
2544 2333 26 19 of
2576 2333 58 18 New
2643 2333 104 19 Zealand.

2045 2607 40 34 T
2113 2608 45 33 K
2187 2608 47 33 \j
2266 2607 43 33 r
2336 2608 46 33 73
2413 2608 46 33 n
2491 2608 43 34 G
2563 2607 59 34 7K.

1889 2710 21 23 _l
1952 2717 43 18 best
2006 2716 107 18 furnished
2125 2714 62 21 Hotel
2198 2716 20 17 in
2229 2716 34 17 the
2274 2715 67 18 North
2351 2715 76 19 Island.

1917 2747 137 26 Private
2068 2747 106 26 SlliteS
2184 2748 20 18 of
2215 2747 132 24 Apartments
2357 2747 32 18 for
2401 2747 100 19 Families.

2201 2780 103 29 Sample
2319 2781 93 22 Rooms
2435 2782 32 17 for
2481 2780 132 20 Commercial
2623 2780 126 19 Gentlemen.

1884 2815 90 20 Coaches
1983 2815 56 19 leave
2049 2814 34 19 the
2094 2814 62 19 Hotol
2165 2815 32 18 for
2213 2815 35 19 the
2262 2815 67 18 Lakes
2347 2822 26 12 on
2389 2815 74 19 arrival
2479 2816 21 18 of
2517 2815 26 19 al]
2563 2818 102 16 steamers.
2695 2814 80 26 Special

1993 2841 92 25 Buggies
2102 2841 40 18 and
2152 2841 76 18 Saddle
2239 2841 78 18 Horses
2327 2847 36 13 can
2379 2841 25 19 bo
2421 2842 97 18 obtained
2536 2842 32 18 for
2577 2841 27 19 all
2617 2845 55 20 parts

2242 2867 21 19 of
2274 2867 35 19 the
2325 2867 96 24 Country.

1886 2902 186 26 First-class
2225 2901 63 25 and
2450 2901 100 27 Boats
2562 2902 49 25 for
2623 2902 152 25 Pleasure

2149 2935 64 26 and
2231 2934 135 32 Fishing
2378 2935 136 25 Parties.

1886 2977 64 26 The
1983 2976 163 25 Saltwater
2176 2976 129 32 Bathing
2341 2976 126 25 Pavilion
2505 2977 22 24 is
2563 2976 100 25 within
2688 2976 87 25 three

2089 3009 141 25 minutes'
2253 3009 75 25 walk
2349 3009 33 25 of
2396 3009 55 25 the

2107 3050 119 25 Telegrams
2247 3050 78 19 receive
2352 3052 80 23 prompt
2451 3051 107 18 attention.

2197 3152 282 26 PROPRIETOR.

1983 3271 228 47 ROBERT
2246 3271 256 47 FORJYESS
2535 3271 45 47 &
2613 3271 82 49 Co.

1927 3373 381 28 MANUFACTURERS
2345 3373 115 26 AND
2498 3371 251 32 IMPORTERS,

2086 3465 183 36 FORT
2303 3465 247 35 STRSe'

2030 3589 161 23 eotob.ua.

2378 3588 116 23 Visitors
2504 3589 27 21 to
2545 3587 46 23 the
2606 3587 52 23 Hot
2667 3587 89 22 Lakes.

1918 3823 48 22 (One
1973 3822 89 17 minute's
2069 3822 50 17 walk
2128 3822 50 17 from
2185 3822 33 17 the
2223 3822 68 17 Govern-

2046 3846 53 16 ment
2107 3845 76 22 Baths.)

2015 3947 191 23 TSRMS:

1921 3991 47 22 35s
1975 3998 46 22 per
2040 3991 88 28 week;
2148 3991 30 22 6s
2192 3997 47 23 per
2246 3991 59 29 day.

1922 4029 62 23 Two
1997 4029 90 23 weeks
2096 4035 28 17 or
2134 4029 100 28 longer,
2250 4029 56 23 30s.

1931 4111 29 31 C.
1994 4110 134 33 HAWKER
2157 4111 143 37 WILSON,

2025 4163 188 24 PttOPBIETOK,

2384 3691 175 46 Palace
2595 3689 157 54 Hotel,

2356 3756 92 19 situated
2471 3756 21 18 in
2517 3755 35 19 the
2575 3754 50 20 New
2648 3754 134 19 Government

2354 3782 107 23 Township
2477 3782 20 18 in
2514 3787 53 13 Cioae
2585 3780 107 26 proximity
2711 3784 22 15 to
2751 3780 34 19 the

2354 3808 71 23 Baths,
2443 3808 135 22 Sanatorium,
2597 3806 49 20 Post
2668 3805 60 20 OflL-e
2746 3806 39 19 and

2354 3834 92 25 llaLway
2454 3835 88 18 Station.

2381 3886 41 19 The
2433 3885 62 20 Hotel
2507 3885 16 19 is
2539 3883 126 26 luxuriously
2681 3883 104 19 fiirninhed

2354 3912 40 20 and
2405 3912 78 21 replete
2493 3911 47 19 with
2549 3917 57 18 every
2615 3909 132 20 convenience
2755 3910 30 18 for

2355 3938 86 20 tourists
2451 3937 40 20 and
2500 3937 75 20 others.
2604 3936 21 18 It
2645 3935 116 20 commands
2776 3942 9 12 a

2355 3964 93 25 splendid
2458 3964 49 19 view
2517 3963 22 19 of
2550 3962 34 20 the
2591 3961 55 19 Lake
2657 3961 38 19 and
2704 3962 16 18 is
2730 3961 44 19 with-

2355 3990 20 19 in
2386 3997 46 18 easy
2443 3996 67 14 access
2523 3989 21 19 of
2561 3988 34 20 the
2611 3988 77 24 Geyser
2702 3988 83 25 Springs

2356 4016 21 19 of
2387 4016 188 20 Whakarewarewa
2584 4013 40 20 and
2634 4013 27 20 all
2673 4013 32 21 the
2724 4013 61 25 sights

2356 4042 22 19 of
2387 4043 35 19 the
2432 4042 86 19 district.

2369 4069 35 19 All
2413 4069 106 24 telegrams
2531 4065 103 27 prompt'l7
2643 4066 95 20 attended
2746 4069 28 16 to.

2423 4135 87 34 JOHN
2538 4134 183 38 JOHNSTON,

2491 4180 170 21 PBOPBIETOE.

2829 2270 22 24 J.
2874 2270 30 24 H.
2926 2269 261 31 BUCHANAN,

2869 2319 94 26 Stone
2977 2319 170 25 Merchant

2887 2365 174 18 ESTABLISHED
3079 2366 49 17 1592.

2819 2416 116 21 Statuary,
2963 2414 158 18 Monumental
3152 2415 46 18 and

2912 2437 95 19 General
3017 2437 87 19 Mason.

2796 2474 106 19 MARBLE
2912 2475 12 16 &
2933 2472 146 19 FREESTONE
3088 2474 122 17 CHIMNEY
3218 2472 4 21 -

2820 2496 94 22 PIECES,
2933 2496 123 21 MANTELS,
3070 2496 86 21 VASES,
3165 2497 31 17 &o.

2824 2531 137 26 VICTORIA
2979 2531 115 26 STREET
3112 2531 80 28 EAST,

2798 2570 423 35 HUCKLMND,

2823 2632 87 22 Designs
2930 2632 38 19 and
2988 2631 63 20 Prices
3070 2631 113 20 forwarded
3201 2634 20 16 to

2902 2663 19 14 ot
2932 2663 32 14 tno
2975 2663 95 14 Jrrovmce
3081 2663 21 14 or
3110 2663 4 16 t
3127 2663 59 16 oiony
3197 2665 18 12 01

2804 2684 122 27 ipplication.

3054 2745 112 41 Iros.

2811 2839 187 45 MARAEROA
3041 2839 170 41 SAWMILL,

2801 2903 131 44 DESIR3
2941 2905 24 16 to
2974 2902 72 18 thank
3055 2901 39 19 the
3104 2902 76 22 public
3189 2902 35 18 for

2867 2927 54 23 past
2935 2926 76 18 favors
3025 2925 45 18 and
3084 2925 44 23 beg
3148 2927 24 16 to
3187 2930 26 13 an-

2817 2956 73 13 ounce
2898 2950 52 18 that
2958 2949 85 22 having
3051 2954 14 12 a
3079 2948 62 23 large
3156 2949 69 17 stock

2801 2974 26 18 of
2836 2971 171 21 well-seasoned
3015 2971 119 19 first-class
3143 2971 83 18 timber

2801 3003 30 12 on
2839 2996 61 19 hand
2909 2996 55 22 they
2973 3000 37 13 are
3019 2994 110 23 prepared
3136 2995 24 17 to
3168 2992 57 21 fulfil

2801 3020 78 18 orders
2888 3020 24 18 at
2921 3018 98 19 reduced
3027 3018 68 18 rates.

2805 3088 48 43 t.
2893 3086 63 44 m.
2993 3086 134 42 n™
3128 3085 26 17 w
3156 3085 3 46 '
3173 3085 16 16 B-

2837 3149 141 19 BARRISTER
2991 3149 52 16 AND
3053 3147 138 21 SOLICITOR,

2816 3192 37 19 lis,
2876 3189 95 19 Victoria
2991 3188 87 20 Arcade,
3099 3188 104 17 Aucklaxi

2804 3270 92 18 Barrister
2909 3268 37 18 and
2961 3268 84 17 Solicitor
3059 3267 19 16 of
3093 3267 32 17 the
3143 3266 88 24 Supreme

2898 3293 63 18 Court,
2969 3290 82 21 Ontario,
3058 3290 81 19 Canada.

2807 3525 74 17 Losses
2889 3523 51 17 Paid
3112 3519 121 22 £20,000,000

3049 3556 47 13 :ds..
3105 3551 3 22 .
3116 3551 117 22 .£1,500,000

2939 3584 90 17 idFuxus
3034 3584 82 16 Exceed
3124 3582 109 21 £1,000,000

2877 3624 38 19 W.
2937 3623 93 18 WARD
3048 3622 110 21 BAKER,

2841 3664 96 19 District
2945 3663 115 22 Manager,
3070 3660 127 19 Auckland.

2893 3704 38 17 W.
2945 3703 27 18 A.
2986 3701 163 22 WILLIAMS,

2867 3742 69 19 Local
2957 3742 82 23 Agent,
3067 3741 107 18 Rotorua.

2895 3895 111 19 FAMILY
3020 3892 135 23 BUTCHER,

2863 3946 81 19 Aiiawa
2966 3944 88 22 Street,
3077 3941 102 20 Eotokca.

2836 3994 22 19 Is
2876 4000 45 12 now
2939 3991 93 26 carrying
3049 3997 25 12 on
3092 3989 34 19 the
3141 3987 89 19 business

2809 4028 63 25 lately
2893 4026 110 21 conducted
3020 4025 28 24 by
3063 4023 73 20 Messrs
3153 4020 78 20 Jecklin

2810 4062 41 19 and
2861 4062 74 22 Cotter,
2947 4060 40 19 and
2997 4059 16 19 is
3022 4056 96 27 prepared
3128 4059 19 15 to
3159 4053 72 27 supply

2810 4096 35 19 the
2855 4095 68 26 public
2933 4094 47 20 with
2992 4093 60 25 prime
3060 4089 76 27 quality
3145 4088 21 19 of
3178 4089 53 18 meat

2811 4130 40 19 and
2860 4130 57 19 small
2927 4128 63 26 goods

2883 4173 36 19 AT
2932 4168 114 23 LOWEST
3059 4166 102 21 PRICES.
