3300 4320
84 139 167 47 COMRADE,
278 136 68 41 THE
376 135 62 42 SUR-

204 183 115 21 VEYOR.

90 278 11 18 A
122 271 66 22 NEW
207 268 134 20 ZEALAND
362 266 88 21 STORY

164 323 100 17 FotTNTJED
276 327 25 12 ON
315 325 55 13 FACT.

155 375 28 16 BY
196 372 93 18 victor
310 370 65 18 zeal

179 433 119 21 chapter
316 433 38 16 iii-

217 466 103 17 Anxiety.

85 502 49 18 «'Ho
143 500 37 18 has
189 497 51 18 been
250 501 56 18 away
318 495 51 18 from
382 493 34 18 the
426 499 56 18 eimp

63 529 48 23 pight
122 527 46 23 days
179 521 102 25 already./'
292 520 44 18 said
348 518 57 20 Wolf
425 519 57 18 Nash

63 553 85 24 moodily,
179 549 40 19 and
230 548 15 18 if
256 553 27 13 we
294 546 42 18 find
350 544 42 20 him
409 548 21 15 at
450 544 32 23 all,

64 584 11 18 ;t
83 579 37 20 will
129 578 25 18 be
163 573 94 22 mangled
268 575 19 16 at
299 572 35 18 the
343 572 43 17 foot
395 570 21 19 of
430 577 54 12 some

176 633 38 18 you
307 622 54 20 cried
375 622 46 24 Guy
433 621 39 19 Hal-

64 657 66 21 combe.
140 653 47 20 with
195 650 111 23 trembling
313 648 44 25 lips,
416 654 68 12 course

64 683 46 21 we'll
118 680 40 19 find
168 678 34 19 old
213 676 104 21 Comrade,
333 675 17 18 if
365 674 26 18 he
409 673 37 19 fell
464 676 21 16 at

66 718 8 11 a
76 710 17 19 ]l,
103 709 14 18 it
129 707 17 18 is
156 711 44 12 sure
210 706 20 16 to
242 703 50 18 have
303 701 50 18 been
364 706 26 12 on
398 699 32 19 his
437 700 47 18 feet.

66 735 43 20 lie's
118 732 45 21 only
173 729 84 23 waiting
267 729 31 17 for
315 733 24 12 us
355 729 21 15 to
391 732 55 12 come
464 728 21 16 to

64 762 42 20 him,
117 756 59 21 that's

205 781 32 18 for
302 779 11 18 I
325 779 94 23 thought,

66 820 21 12 on
96 810 46 19 New
156 806 107 20 Zealand's
278 805 65 22 shore,
361 804 36 18 but
412 803 21 19 in
451 803 34 19 the

66 838 45 21 land,
123 835 84 21 whence,
223 832 57 18 when
298 837 29 12 we
344 829 26 20 do
386 836 31 18 go,
434 836 51 11 none

66 864 34 19 will
231 857 11 19 I
261 856 66 19 didn't
344 856 36 18 tell
400 855 56 18 Wolf
475 856 10 17 I

66 896 16 13 nt
82 887 48 21 rreed
142 885 46 20 with
199 884 47 22 him,
258 883 38 19 but
306 881 115 20 Comrade's
440 887 35 18 pre-

66 915 102 21 sentiment,
181 909 40 20 and
231 909 32 19 his
274 908 79 24 coming
364 907 50 18 back
423 909 19 16 to
451 913 35 18 say

66 939 97 27 good-bye,
177 937 47 23 kept
244 934 85 24 surging
344 933 89 23 through
454 939 32 19 my

66 967 56 20 brain,
134 963 38 19 and
183 962 10 19 1
204 963 57 17 know
272 960 34 19 the
321 959 67 18 others
398 958 88 26 thought

66 993 17 19 of
92 993 11 17 it
112 994 37 19 too,
161 988 78 24 though
249 986 47 23 they
307 984 62 26 spoke
383 991 26 11 no
425 984 54 19 word

88 1015 99 25 Reaching
197 1014 33 18 the
238 1012 120 20 mountains,
369 1017 29 12 we
407 1011 68 17 search-

66 1045 19 19 ed
96 1043 23 19 all
134 1042 43 23 day,
196 1038 95 25 cooeeing
310 1037 39 19 and
363 1036 75 25 calling
455 1036 31 18 his

66 1075 56 15 name,
135 1067 36 18 but
186 1072 37 12 our
239 1064 46 24 only
299 1069 78 13 answer
392 1069 41 11 was
452 1063 34 17 the

66 1095 72 21 roaiinfr
148 1094 19 18 of
177 1092 33 18 the
223 1091 53 18 river
284 1088 4 28 ;
303 1092 34 15 the
348 1088 103 24 whistling
466 1088 20 18 of

66 1122 28 19 the
110 1118 55 23 wind,
188 1124 20 12 or
227 1117 34 18 tll(3
281 1115 46 19 wilu
345 1114 64 18 bird's
428 1120 57 19 song.

66 1148 38 19 VTh'
115 1153 9 12 d
136 1143 97 20 daxkress
245 1141 42 24 fell,
308 1148 28 11 we
353 1140 84 25 camped
455 1141 31 17 for

66 1174 28 19 the
103 1170 61 26 night,
176 1169 38 19 and
226 1168 48 20 with
284 1167 34 19 tho
334 1166 65 24 rising
416 1166 21 18 of
452 1166 34 18 the

66 1207 30 12 sua
106 1200 45 16 next
158 1195 99 24 morning,
269 1200 51 12 were
331 1192 62 24 ready
404 1194 19 16 to
440 1198 34 12 con-

63 1226 49 21 tinue
123 1228 34 14 our
167 1221 68 25 pitiful
249 1220 53 18 ta-k.

87 1249 52 21 Wolf
153 1245 106 21 wandered
277 1244 87 20 towards
382 1243 34 19 the
435 1243 51 25 edge

65 1278 17 18 of
92 1283 8 11 n
111 1273 101 28 precipice,
223 1271 72 19 caused
304 1271 28 24 by
348 1277 25 12 an
390 1270 96 18 immense

66 1303 31 24 slip
107 1301 16 19 ol
136 1299 79 25 shingle
224 1298 53 19 from
286 1297 34 18 tho
330 1295 155 20 mountainside.

66 1326 93 25 Suddenly
170 1325 24 19 he
204 1323 102 23 returned,
321 1323 31 18 his
364 1322 43 19 face
423 1322 63 23 going

66 1354 50 19 white
127 1351 38 20 and
176 1351 41 18 red.
356 1348 25 18 he
391 1348 50 22 said,
475 1348 11 18 I

63 1374 1 28 .
64 1386 28 13 see
101 1377 112 25 something
223 1376 56 24 lying
289 1375 21 18 in
320 1374 34 19 the
372 1374 114 24 valley—lt

64 1405 48 21 looks
121 1404 76 19 like—a
208 1409 46 12 man

87 1431 30 19 He
139 1431 72 20 meant,
253 1427 41 18 like
457 1432 29 12 we

64 1456 77 28 guessed
151 1456 25 19 he
186 1456 67 17 meant
264 1453 49 22 that,
325 1452 37 19 but
376 1452 59 18 could
451 1454 35 16 not

65 1484 52 24 bring
127 1481 80 19 himself
217 1483 20 16 to
247 1486 35 17 say
293 1485 27 12 so.
344 1478 38 19 We
395 1477 91 19 followed

63 1510 37 21 him
109 1508 81 19 without
202 1513 12 12 a
224 1505 60 20 word.
313 1504 39 19 Wo
359 1504 71 18 looked
440 1510 46 12 over

64 1536 28 19 the
102 1535 72 18 ravine.
196 1533 46 21 Yes,
254 1531 115 24 something
379 1536 40 12 was
430 1529 56 24 lying

64 1564 14 17 at
90 1561 31 19 the
131 1560 39 19 foot
181 1560 20 18 of
214 1558 34 19 the
265 1557 55 24 slip,-
338 1555 40 19 and
392 1556 15 18 it
426 1562 39 12 was
475 1562 11 12 a

63 1594 45 12 num.

87 1612 52 20 With
150 1613 57 24 great
217 1609 97 24 difficulty
321 1615 29 12 we
357 1608 85 19 readied
453 1607 33 20 the

64 1639 63 25 valley.
155 1637 44 25 Guy
211 1643 35 12 ran
263 1634 86 20 forward
364 1634 40 18 and
423 1634 51 18 bend-

65 1666 30 24 ing
110 1670 45 13 over
175 1664 34 17 the
228 1662 56 24 quiet
301 1661 56 22 form,
374 1660 54 19 cried
444 1663 41 18 out,

66 1693 40 21 '•0,
117 1689 102 23 Comrade,
366 1686 54 23 then,
428 1688 47 18 turn-

65 1718 30 22 ing
104 1723 53 17 away
170 1714 69 20 buried
250 1714 32 17 bis
292 1713 43 18 face
346 1712 20 19 in
374 1711 110 24 hishands,

66 1743 32 20 and
110 1741 74 20 sobbed
194 1740 41 19 like
246 1746 12 12 a
267 1738 60 19 child.

88 1769 36 19 But
135 1766 86 20 Wilfred
232 1766 56 18 Nash
299 1764 35 19 fell
341 1771 26 12 on
377 1764 32 18 his
416 1764 69 22 knees',

66 1798 32 15 ;.<.,{
110 1793 66 26 placed
187 1792 31 19 his
231 1799 33 12 ear
274 1795 19 15 to
312 1791 33 18 tho
361 1791 64 20 heart,
442 1791 44 18 that

66 1820 57 19 would
136 1825 55 14 nevei
205 1818 46 19 beat
269 1817 66 24 again.
376 1817 19 17 It
416 1822 40 12 was
475 1822 11 13 a

66 1847 46 25 sight
123 1852 59 12 never
192 1848 20 15 to
222 1844 24 19 be
257 1844 108 23 forgotten,
394 1841 39 20 His
443 1843 43 18 face

66 1880 33 11 was
110 1870 98 27 upturned
221 1873 19 16 to
258 1869 33 20 the
309 1874 86 14 summer
411 1869 43 23 sky,
475 1874 11 14 a

66 1898 48 20 smile
124 1904 24 12 on
157 1897 33 19 the
202 1895 90 26 peaceful
303 1895 75 21 mouth,
389 1901 11 11 a
416 1895 69 18 mouth

65 1925 37 19 that
124 1924 39 18 had
186 1922 73 19 looked
282 1921 71 20 almost
376 1921 110 18 womanish

65 1950 103 20 sometimes
178 1949 20 19 in
209 1949 25 18 its
244 1951 107 15 sweetness
366 1947 22 17 of
405 1952 70 19 expres-

65 1977 41 18 sion.
139 1975 112 19 Whatever
267 1974 32 18 his
317 1971 109 25 sufferings
446 1972 40 19 had

65 2002 41 20 been
119 2001 66 20 before
195 2001 25 18 he
230 2000 53 18 died,
294 1999 61 20 death
366 1998 54 19 itself
433 2002 53 15 must

65 2030 42 17 have
117 2028 50 18 been
178 2027 76 25 perfect
264 2031 60 20 peace
333 2024 40 19 and
388 2024 88 25 painless-

64 2061 44 11 ness

107 2079 59 23 Wolf,
184 2079 48 18 dear
249 2078 33 19 old
406 2076 10 19 I
435 2076 50 23 said,

82 2106 35 19 rise
126 2112 33 18 up.
193 2104 98 20 Comrade
308 2103 37 18 has
364 2102 50 19 been
434 2102 51 19 dead

65 2138 46 13 some
215 2130 43 19 The
270 2131 38 23 boy
318 2128 70 19 stirred
400 2131 41 16 not.
453 2128 32 21 Ho

65 2158 32 19 had
107 2157 75 19 fainted
193 2163 46 12 over
249 2156 33 18 the
293 2155 52 23 body
356 2154 20 19 of
388 2154 30 18 his
434 2154 51 19 dead

65 2184 62 19 friend.
156 2182 72 25 Gently
244 2188 29 12 we
288 2181 58 18 lifted
362 2180 42 18 him
421 2186 63 19 away,

66 2210 32 19 and
108 2210 85 24 dashing
206 2208 43 19 c.ild
267 2211 60 14 water
343 2213 24 11 on
386 2206 30 18 his
435 2206 49 22 face,

66 2242 39 13 soon
117 2234 87 26 brought
214 2234 40 19 him
266 2233 70 19 round,
366 2232 33 18 lie
408 2232 77 25 opened

66 2262 23 19 Ins
98 2268 43 18 eyes
152 2261 39 18 and
202 2260 71 25 sighed
284 2259 76 24 deeply.

87 2290 9 9 11
106 2287 51 20 Look
195 2286 113 25 ejaculated
319 2286 51 23 Guy.
405 2284 32 19 He
449 2285 36 17 has

65 2313 42 20 leen
135 2314 50 18 alive
208 2314 31 17 for
262 2318 53 14 some
339 2311 50 23 days
398 2311 4 23 !
443 2311 42 20 The

64 2348 59 17 grai-s.

85 2366 18 19 It
121 2372 39 13 was
176 2367 33 16 too
228 2368 50 15 true.
308 2363 33 19 All
358 2362 77 19 around
451 2362 32 18 the

64 2399 49 17 grass
122 2392 39 18 had
171 2391 50 19 been
230 2394 57 15 eaten
295 2392 20 16 to
324 2389 34 19 the
365 2395 47 18 very
423 2392 60 18 roots,

64 2424 25 19 ay,
100 2418 31 19 the
142 2422 53 14 roots
204 2416 65 26 portly
279 2419 57 15 eaten
347 2418 33 16 too
393 2415 21 18 in
431 2421 52 12 some

64 2450 31 13 casi
103 2450 12 12 s.
144 2444 19 18 It
174 2449 39 12 was
223 2449 11 12 a
244 2448 57 19 grass
311 2448 49 15 pecu
369 2441 30 18 iar
411 2444 7 15 t
427 2441 3 26 >
439 2441 44 19 that

66 2472 35 22 part
112 2470 19 19 of
141 2470 33 18 the
184 2468 72 23 i>land,
290 2467 63 19 Matai
464 2472 19 12 or

64 2495 48 20 Wild
123 2495 105 24 Irishman,
240 2501 22 12 as
273 2495 15 17 it
298 2494 16 18 is
324 2500 54 12 more
392 2492 80 26 general-

64 2521 16 18 ly
89 2522 67 17 called.

176 2547 42 19 said
228 2546 90 22 another,
331 2545 44 19 who
386 2544 38 19 had
433 2545 51 18 been

64 2574 106 23 examining
180 2573 34 19 the
224 2573 60 23 body,
324 2571 47 19 both
392 2571 31 18 his
442 2571 43 23 legs

64 2606 27 12 tire
101 2600 79 23 broken,
202 2599 36 18 but
257 2599 46 17 here
320 2597 17 19 is
354 2597 30 19 his
403 2596 71 27 pocket-

64 2625 51 24 book,
127 2625 42 19 that
179 2632 45 17 may
235 2625 35 18 toll
279 2630 24 13 us

85 2652 30 18 lie
132 2652 44 18 held
197 2655 33 14 out,
250 2651 34 18 the
303 2650 59 22 book,
382 2652 34 22 yet
432 2655 51 12 none

64 2677 53 19 (laird
128 2678 57 18 touch
200 2677 20 22 it,
242 2677 30 18 till
293 2676 57 19 Wolf
368 2674 115 23 exclaimed,

83 2703 40 20 You
132 2710 51 12 were
193 2703 31 18 his
234 2703 65 18 oldest
313 2701 67 19 friend
399 2701 83 19 Claude.

64 2730 49 24 Open

85 2756 10 18 1
107 2756 45 19 took
169 2756 34 18 the
221 2754 59 19 book.
317 2754 43 18 The
379 2753 36 20 sad
433 2752 52 19 little

64 2784 50 22 party
130 2782 68 19 seated
214 2780 120 19 themselves
351 2787 25 11 ou
394 2778 91 19 tussocks

64 2814 18 13 or
91 2808 74 25 shingle
176 2814 47 12 near
242 2813 36 12 me.
313 2806 11 18 I
339 2812 61 12 never
419 2806 67 23 forgot

63 2833 28 20 the
104 2831 2 26 i
136 2841 29 11 no.
201 2833 43 20 The
261 2832 99 25 infinitely
383 2831 47 19 blue
447 2831 38 24 sky

63 2860 62 23 above,
136 2860 33 19 the
179 2858 78 26 rugged
271 2858 104 19 mountain
386 2857 99 23 breaking

63 2886 36 18 into
109 2886 65 19 smiles
190 2886 27 18 all
232 2884 89 27 glorious
339 2886 20 16 at
378 2884 34 18 the
431 2882 55 20 sun's

63 2911 36 20 first
108 2912 52 23 kiss;
170 2912 34 18 the
214 2911 83 24 roaring
307 2910 40 19 and
360 2909 91 24 foaming
466 2909 20 18 of

63 2937 29 20 tbe
101 2938 50 18 river
163 2945 20 11 as
195 2938 15 18 it
219 2937 80 19 swirled
306 2936 26 24 by
341 2936 4 24 ;
360 2936 35 18 the
405 2942 67 12 mourn-

63 2963 25 19 ful
103 2964 50 18 little
169 2970 64 19 group
250 2963 77 18 around
343 2969 37 16 me,
399 2961 40 19 and
452 2961 34 19 the

63 2990 48 24 quiet
122 2990 48 18 dead
181 2991 21 17 in
212 2996 37 12 our
260 2989 67 18 midst.

189 3049 120 18 CHAI'TER
322 3049 33 16 IV.

144 3097 17 16 A
172 3097 59 17 Dead
249 3095 60 17 Mans
321 3095 75 17 Diary.

85 3127 53 19 Wolf
148 3128 57 18 Nash
214 3127 72 18 leaned
296 3126 31 19 his
337 3126 53 19 head
405 3126 81 25 against

63 3159 29 18 my
103 3153 48 19 knee
162 3154 86 24 shading
258 3153 32 18 his
305 3152 60 19 white
383 3152 43 18 face
438 3151 48 19 with

63 3177 27 21 his
99 3179 52 19 hand
167 3187 22 12 as
205 3180 9 19 I
230 3178 78 24 opened
325 3178 33 19 the
378 3178 55 19 book
447 3177 39 19 and

87 3231 45 19 Dec.
144 3231 54 19 23rd.
212 3232 55 18 1883.
316 3231 11 17 I
336 3230 25 18 do
376 3232 35 16 not
428 3230 59 18 know

65 3255 13 19 if
87 3257 38 19 this
141 3258 39 18 will
195 3264 45 12 ever
260 3257 24 19 be
303 3256 69 23 found,
393 3256 40 18 and
455 3262 32 17 my

64 3282 37 19 fate
126 3284 57 18 made
212 3283 79 22 known,
324 3282 11 20 1
362 3283 59 17 know
453 3282 34 18 the

66 3307 76 21 chances
152 3316 33 12 are
195 3316 37 12 one
242 3310 19 18 in
281 3315 12 11 a
311 3308 106 22 thousand,
438 3307 47 22 still,

66 3334 52 19 while
128 3335 10 19 I
150 3336 43 22 live,
205 3335 12 19 I
228 3334 40 20 will
278 3335 51 24 keep
342 3337 60 15 count
419 3333 21 19 of
454 3333 35 19 the

67 3358 48 26 days,
132 3361 29 18 till
178 3368 32 16 my
230 3362 74 22 fingeis
322 3366 36 12 can
374 3366 25 12 no
418 3359 71 25 longer

66 3384 41 21 hold
124 3394 12 11 a
156 3387 70 25 pencil.
256 3387 35 24 My
313 3392 59 13 name
390 3385 17 20 is
423 3385 64 25 Hugh

66 3410 95 22 Standish.
184 3413 10 18 1
205 3414 50 18 have
266 3413 49 18 been
327 3415 34 15 out
371 3412 51 19 from
435 3413 54 22 Kng-

66 3436 40 21 Jand
117 3446 10 11 a
137 3438 50 21 little
195 3445 54 12 more
256 3439 48 19 than
314 3445 10 11 a
334 3445 54 17 year.
416 3437 73 19 Thank

68 3462 82 26 Heaven,
162 3465 55 18 there
228 3465 17 18 is
263 3471 26 12 no
303 3464 78 19 mother
391 3467 20 14 at
430 3464 60 18 home

66 3493 17 14 to
93 3497 65 12 mourn
169 3497 33 19 my
212 3491 47 22 lo:-s,
270 3490 38 18 but
317 3490 10 19 1
339 3490 50 18 have
400 3493 38 14 two
452 3490 28 17 sis-

66 3518 41 21 ters,
125 3523 12 12 a
154 3516 149 20 brother—uud
305 3522 119 12 —someone
442 3515 47 18 elsa.

66 3540 54 20 Their
144 3543 81 18 addiess
244 3543 17 18 is
278 3549 23 11 on
320 3549 11 11 a
348 3543 10 16 h
369 3546 37 13 iter
416 3542 21 17 in
455 3542 35 17 the

66 3566 61 20 breu>t
137 3570 70 23 pocket
217 3569 21 18 of
248 3575 34 17 my
292 3572 50 14 coat.
376 3566 114 25 Yesterday

67 3594 96 19 afternoon
174 3594 12 19 I
200 3595 37 18 left
254 3595 33 17 the
304 3600 58 18 camp
381 3592 108 25 intending

66 3620 18 18 to
92 3620 56 19 make
157 3621 32 18 for
197 3620 109 20 Farnhnin.
334 3620 42 18 The
391 3619 100 18 darkness

65 3650 50 14 came
124 3646 57 19 down
191 3653 54 18 upon
255 3647 34 17 the
296 3646 116 18 mountains
419 3650 72 13 sooner

67 3671 43 18 than
119 3672 9 18 I
140 3673 100 24 expected,.
252 3672 11 18 1
282 3674 53 16 must
351 3671 51 19 have
417 3670 74 19 missed

66 3701 29 20 luy
107 3704 39 18 w;<y
157 3699 38 17 and
205 3698 61 19 taken
287 3699 32 17 the
336 3704 68 17 wrong
421 3699 68 16 water'

67 3722 49 21 shed.
143 3724 48 18 This
203 3725 9 17 1
224 3724 58 18 knew
292 3726 35 16 not
344 3728 21 13 at
381 3724 34 17 the
434 3723 55 21 time,

68 3749 35 17 and
113 3751 49 18 alter
177 3749 116 25 wandering
310 3749 102 24 aimlessly
429 3748 63 18 about

68 3773 28 19 for
106 3782 50 12 some
165 3776 67 22 hours,
244 3775 11 19 1
275 3782 46 16 saw,
343 3779 20 14 to
382 3781 33 17 my
434 3777 58 22 great

68 3799 35 25 joy,
115 3808 12 12 a
143 3801 128 25 glimmering
288 3801 52 25 light
357 3801 20 18 in
396 3802 35 17 the
451 3800 31 17 dis-

69 3830 56 15 tance.
153 3828 10 18 1
173 3828 59 18 made
241 3827 32 18 for
282 3827 35 19 the
327 3827 58 24 light.
414 3826 10 18 I
433 3826 58 18 knew

69 3852 39 19 that
117 3860 11 12 a
137 3855 52 18 river
198 3860 37 12 ran
252 3853 89 19 between
357 3859 31 12 me
405 3852 40 19 and
458 3851 34 18 the

70 3878 84 21 welcome
163 3879 72 26 gleam,
254 3880 31 18 for
304 3879 11 18 I
334 3878 59 19 could
412 3878 49 19 bear
477 3877 15 18 it

70 3904 79 26 roaring,
160 3906 41 18 still
211 3906 10 18 1
232 3906 37 17 felt
279 3905 44 18 that
337 3905 44 18 that
393 3902 98 25 difficulty

69 3930 53 19 could
144 3932 23 18 be
184 3931 62 25 easily
263 3930 87 23 bridged
376 3930 15 19 if
415 3936 48 12 once
482 3928 11 18 I

70 3957 77 19 reached
160 3957 34 20 the
209 3957 73 24 valley.
316 3956 56 19 Thus
388 3955 103 24 thinking,

70 3979 9 19 1
88 3984 77 23 stepped
174 3983 94 23 forward,
286 3982 40 19 and
343 3982 85 25 stepped
444 3987 22 12 as
482 3979 12 19 1

70 4005 80 28 'bought
159 4010 53 22 then,
225 4009 39 18 and
275 4015 21 12 as
312 4008 10 18 I
343 4008 59 18 think
421 4013 45 13 now
468 4016 26 3 —

70 4030 31 20 hut
120 4035 45 19 with
184 4041 10 13 a
214 4038 42 16 rest
275 4041 25 12 on
321 4033 36 19 the
379 4033 115 24 way—into

69 4057 27 20 J'-''
104 4060 56 25 rniiy.
188 4060 10 19 I
210 4060 41 20 had
261 4059 87 24 literally
359 4059 78 18 walked
448 4064 47 12 over

71 4083 21 19 tin
109 4083 2 28 ■
119 4086 36 25 dge
165 4088 19 18 of
195 4094 11 11 a
216 4087 83 18 terrible
310 4085 95 24 landslip.
433 4084 12 18 I
463 4089 32 12 re-

70 4114 20 15 Pii
99 4111 52 20 tuber
164 4114 33 18 the
215 4113 46 18 fist
277 4111 62 19 awful
356 4109 101 19 sensation
475 4109 20 18 of

70 4135 66 28 fflhiug
157 4141 43 22 (not
228 4139 59 21 down
305 4144 12 12 a
342 4134 153 27 perpendicular

511 133 105 25 precipice,
627 130 36 19 but
673 136 27 12 an
718 129 61 25 angle
794 129 21 18 of
833 129 63 18 about
914 130 11 16 4
929 135 9 11 a

507 159 56 23 deg.)
586 156 41 19 and
645 154 68 25 wildly
731 154 95 25 catching
844 157 22 16 at
884 154 55 18 loose

506 188 68 15 stones
590 182 40 19 and
646 180 63 21 earth,
727 181 66 18 which
809 181 47 23 only
875 179 64 19 rolled

506 210 59 18 clown
574 209 35 18 the
622 205 159 20 mountain-side
794 206 49 18 with
852 213 39 12 me.
927 205 12 19 I

506 235 57 19 don't
581 232 113 20 remember
709 231 97 25 reaching
823 232 35 18 tho
873 231 66 24 valley

506 261 11 18 I
527 263 54 16 must
590 259 52 18 have
659 257 51 18 been
725 257 87 19 stunned
830 257 108 21 somehow,

506 287 31 17 for
547 285 57 19 when
614 284 11 18 I
635 289 55 13 came
696 285 21 16 to
725 283 74 24 myself
806 283 35 19 the
852 290 38 11 sun
899 288 40 13 was

506 311 51 24 high
566 311 21 17 in
598 309 34 19 the
642 309 93 22 heavens,
747 309 40 18 and
803 309 16 18 it
838 315 41 12 was
896 308 44 19 half

506 339 45 22 past
561 339 35 16 ten
605 335 27 25 by
642 341 33 17 my

531 363 30 18 As
567 362 11 18 I
586 361 109 19 readthese
705 360 64 19 words
775 360 46 24 Guy
825 360 114 18 Halcombe

506 388 78 19 uttered
601 393 25 12 an
642 386 139 21 exclamation,
802 386 47 22 and,
868 385 72 24 taking

505 413 116 20 Comrade's
631 412 64 18 watch
702 412 51 18 from
762 411 33 18 his
802 411 79 25 pocket,
893 411 47 18 held

505 440 16 18 it
531 443 20 14 to
562 440 33 17 his
609 445 40 12 ear.

532 465 33 18 He
575 464 64 19 shook
649 462 21 25 hi
680 462 11 25 3
701 462 42 25 head
752 462 146 25 despairingly,
920 469 20 11 is

506 498 28 11 we
545 491 73 18 looked
628 497 33 17 up,
669 489 77 24 saying,
779 489 11 18 I
801 488 81 19 wonder
891 488 17 19 if
915 488 25 18 he

506 516 73 19 wound
590 517 15 18 it
616 520 21 14 to
647 515 34 19 the
691 515 39 19 Inst

553 542 58 19 Eead
633 548 31 16 on,
805 540 44 19 said
876 539 63 23 Wolf,

506 568 132 23 shuddering.

553 594 11 19 I
574 600 41 12 was
625 594 20 18 in
655 593 75 18 fearful
742 598 62 19 agon}
804 598 5 4 -
817 591 40 19 and
866 591 72 19 almost

507 619 102 19 screamed
620 619 48 18 with
682 619 47 24 pain
747 618 59 18 when
825 617 12 19 I
854 617 52 19 tried
920 618 20 17 to

506 652 65 12 move.
599 645 56 18 Time
674 645 72 18 indeed
763 647 21 15 to
804 643 47 25 give
870 649 27 19 up
914 642 26 19 all

508 672 57 23 hope,
577 671 32 19 for
618 670 49 19 both
678 676 33 18 my
724 670 44 24 legs
785 676 52 11 were
856 669 83 18 broken.

508 697 35 24 My
553 696 52 19 head
616 696 62 19 ached
687 695 21 20 in
718 698 58 22 groat
787 695 78 22 throbs,
877 695 40 18 and
929 694 10 19 I

507 723 37 18 felt
555 729 21 12 as
587 723 16 18 if
612 722 11 19 I
638 722 42 18 had
695 722 50 18 been
765 721 94 18 smashed
879 721 61 18 about

508 749 49 18 with
567 756 11 11 a
588 748 48 19 flail.
663 748 21 18 It
705 748 16 18 is
739 753 46 13 now
797 749 10 16 5
829 747 17 18 (?
849 746 62 23 clock,
931 746 9 18 1

508 775 51 18 have
576 775 52 18 been
645 774 81 24 writing
741 777 21 14 at
777 772 97 19 intervals
888 772 52 19 since

507 807 60 12 noon.

534 826 56 19 2i!th.
604 826 111 18 Christmas
725 824 54 25 Eve!
793 824 11 19 I
814 824 97 25 expected
921 826 20 16 to

508 852 25 19 be
552 852 21 19 in
590 851 94 19 Dunedin
701 851 96 25 to-night,
818 851 35 18 the
873 850 40 24 city
931 849 10 19 I

508 878 53 18 shall
570 884 61 12 never
647 877 80 19 behold.
762 877 49 19 Last
826 876 60 25 night
902 875 39 19 and

508 907 21 15 to
540 904 39 24 day
595 903 35 19 the
643 903 49 25 pain
710 903 36 19 has
766 903 52 18 been
837 901 70 27 great;
931 901 10 18 I

508 930 52 18 have
570 929 61 19 dozed
642 932 21 15 at
673 929 64 19 times,
748 929 47 24 only
807 932 20 15 to
841 928 70 19 awake
921 927 20 19 in

508 962 73 19 agony.
610 955 72 19 Worse
692 955 49 19 than
752 955 33 22 all,
796 955 11 17 I
818 955 52 17 have
879 953 62 19 heard

508 982 51 23 dogs
574 981 98 24 barking;
692 981 53 18 have
765 986 47 12 seen
828 980 61 25 again
908 979 33 19 the

508 1007 53 25 light
572 1007 65 18 which
647 1007 75 24 guided
731 1013 32 12 me
779 1009 21 15 to
816 1006 68 18 death.
918 1005 22 22 0,

508 1033 16 18 it
536 1034 17 17 is
562 1033 51 18 hard
624 1036 20 15 to
655 1032 59 20 bear.!
730 1033 29 17 To
773 1032 32 19 die
822 1032 27 24 by
865 1031 75 19 inches.

509 1058 70 20 within
594 1058 58 18 reach
670 1059 21 17 of
706 1059 54 24 help,
779 1058 21 18 in
817 1057 56 25 sight
891 1057 21 19 of
931 1063 11 12 a

509 1085 69 19 house,
590 1087 33 22 yet
639 1090 21 13 as
675 1084 31 19 far
723 1085 53 18 from
793 1083 49 19 both
859 1090 22 12 as
894 1083 19 18 if
931 1082 10 19 I

509 1117 51 12 wore
569 1111 22 19 in
605 1111 33 18 the
656 1110 120 19 backwoods
791 1111 21 17 of
830 1108 109 21 Australia.

510 1137 29 18 To
548 1136 40 19 call
601 1137 17 18 is
634 1136 53 21 vain,
705 1136 32 19 for
753 1136 35 19 the
804 1136 55 18 river
876 1134 66 20 would

508 1163 73 18 render
591 1162 34 18 the
636 1162 78 18 loudest
724 1169 40 17 cry,
781 1168 12 13 a
811 1168 54 12 mere
882 1161 48 18 whis-

508 1195 42 18 per.
578 1188 72 19 Thank
661 1188 50 22 God,
722 1188 11 19 I
745 1195 38 12 can
797 1188 60 18 reach
873 1190 67 19 water,

508 1214 40 19 and
560 1217 33 16 eat
603 1214 34 18 the
648 1221 57 17 grass
716 1214 63 19 about
789 1220 39 13 me.

536 1240 27 18 2.3
563 1240 27 18 th.
619 1240 11 19 I
645 1242 66 21 know,
723 1240 46 19 that
788 1243 22 15 at
830 1239 65 20 home,
908 1240 5 9 '
923 1238 19 19 A

509 1265 69 25 Merry
588 1265 35 19 Ch:
630 1264 4 26 i
640 1272 49 12 mias
698 1264 4 26 '
713 1266 37 18 has
761 1266 50 19 been
823 1264 76 19 wished
910 1271 31 12 me

508 1292 41 18 aud
560 1292 26 24 by
596 1292 34 18 the
645 1293 49 18 dear
713 1291 34 20 old
766 1292 50 24 boys
835 1292 21 18 in
878 1298 9 12 c
896 1296 44 20 imp.

508 1318 45 18 Ah!
568 1318 17 18 if
594 1318 48 23 they
652 1318 47 25 only
709 1318 58 18 knew
776 1318 8 18 ?
808 1318 21 18 If
848 1323 92 13 someone

509 1344 67 18 would
604 1343 47 25 only
678 1350 55 13 conio
743 1344 9 18 ?
766 1344 43 18 Tho
830 1349 66 19 pangs
921 1342 21 19 of

509 1369 78 26 hunger
597 1369 50 19 have
658 1370 60 20 taken
730 1370 49 18 hold
786 1370 21 18 of
817 1376 38 16 me,
875 1368 42 20 and
919 1379 23 3 —

510 1396 9 18 I
531 1395 67 19 suffer.

536 1423 54 17 2Gth.
605 1421 79 24 To-day
694 1421 10 19 I
715 1428 40 12 saw
772 1421 71 26 people
862 1428 25 12 on
908 1420 34 18 the

509 1448 53 18 hills.
591 1447 11 19 I
612 1447 63 20 enlled
686 1448 61 18 aloud
755 1448 21 19 iu
793 1455 12 11 a
815 1449 75 22 frenzy,
905 1446 37 18 but

509 1474 21 18 of
541 1480 25 12 no
582 1473 58 19 avail.
669 1474 42 18 Tho
721 1474 46 25 pain
779 1474 17 18 is
813 1473 72 19 almost
905 1478 25 13 un-

510 1499 101 19 bearable.
637 1499 35 24 My
687 1500 56 18 God!
760 1500 21 18 If
795 1500 57 19 there
872 1506 24 11 no
913 1498 20 19 al-

509 1526 114 18 ternative?
638 1525 56 19 Must
703 1525 12 19 I
725 1526 49 18 die?

536 1552 54 19 12.7t1i.
606 1552 41 18 The
658 1559 57 17 grass
725 1553 16 18 is
758 1553 72 18 almost,
851 1557 51 20 gone
908 1550 32 19 —I

509 1584 32 12 am
555 1581 18 15 st
581 1578 263 25 Irving'—starving—Will
861 1584 25 12 no
905 1583 36 13 one

508 1604 66 18 come?

537 1630 53 18 L'.sth.
607 1630 35 18 Six
652 1630 63 24 days'!
731 1630 37 25 My
777 1629 53 21 head
840 1629 74 20 swims.
931 1630 11 18 I

508 1662 38 12 can
557 1656 71 25 hardly
640 1657 62 17 write.
731 1657 45 18 God
796 1659 60 22 grant
865 1656 10 20 i
897 1662 45 18 may

509 1682 32 18 die
552 1682 68 18 before
633 1682 47 24 Igo
691 1683 52 18 mad.
789 1681 86 21 Release
894 1688 46 19 may

508 1715 55 11 come
600 1708 97 23 to-night.
742 1709 80 22 Sisters,
853 1707 88 23 brother,

508 1734 61 22 Alice,
583 1740 30 14 my
623 1733 59 20 loved
688 1741 44 16 one,
744 1734 105 25 Goodbye.

536 1759 54 19 29th.
604 1760 42 18 Tho
667 1761 48 24 pain
739 1761 18 17 is
774 1767 58 18 gone.
871 1760 32 18 All
926 1761 16 18 is

508 1792 68 18 peace.
613 1786 62 18 Alice,
693 1793 34 18 my
745 1786 57 25 love!
828 1786 44 19 God
893 1786 49 25 keep

508 1811 110 25 you—The
628 1811 40 20 end
673 1811 19 20 is
699 1813 88 19 near—l
805 1819 30 12 am
854 1813 88 24 going—

775 1843 61 14 nt
847 1838 3 23 '

535 1864 53 19 That
598 1871 40 12 was
648 1864 33 19 all.
711 1864 65 20 There
787 1872 40 11 was
839 1869 33 14 not
885 1872 11 11 a
907 1864 35 25 dry

508 1896 20 18 ej
529 1890 4 26 -
534 1897 11 12 e
555 1890 21 18 in
584 1890 34 19 tho
633 1896 65 20 group
714 1891 58 19 when
794 1891 10 18 1
824 1891 66 18 closed
909 1891 33 18 the

509 1916 59 18 book.
599 1916 73 19 Wolf's
684 1916 63 19 whole
763 1918 63 17 frame
846 1916 96 24 quivered

510 1942 47 18 with
564 1942 115 19 convulsive
689 1942 52 22 sobs,
754 1950 24 12 an
787 1944 5 17 I
806 1944 56 17 when
874 1949 27 12 we
912 1949 20 12 re-

509 1968 123 19 monstrated
652 1968 47 19 with
715 1968 49 23 him,
784 1969 25 19 he
825 1968 59 23 cried,

509 1993 108 22 Comrade!!
639 1994 12 19 I
666 1994 59 19 loved
745 1995 52 24 you!
825 1995 53 24 Why
896 1995 46 18 then

509 2027 46 18 may
566 2021 10 18 I
583 2024 35 15 not
628 2027 70 12 mourn
708 2020 31 20 for
748 2027 39 18 you

559 2046 66 23 Hush,
741 2047 42 18 Raid
802 2046 52 25 Guy,
874 2046 68 25 laying

509 2072 32 18 his
552 2072 54 19 hand
616 2079 24 12 oil
651 2072 34 19 tho
693 2072 57 25 boy's
760 2079 49 12 arm.
915 2073 26 18 all

509 2098 59 19 loved
579 2099 47 22 him,
636 2098 39 19 and
686 2105 71 13 mourn
769 2099 48 18 with
832 2105 46 18 you,

509 2124 33 18 He
561 2125 59 19 could
639 2131 35 18 say
693 2132 26 11 no
737 2132 60 15 more,
820 2125 36 18 but
870 2125 72 19 turned

508 2156 57 19 away
576 2151 47 17 with
635 2151 109 24 brimming
758 2158 52 17 eyes.

558 2177 42 18 Has
611 2177 24 18 ho
646 2183 40 17 any
695 2177 97 18 relations
811 2178 35 18 out
862 2177 47 18 here

508 2202 63 19 asked
581 2209 37 12 one
628 2203 21 17 of
660 2203 33 18 tho
704 2202 94 20 Dnnedin
811 2210 51 11 men.

650 2228 11 19 I
671 2229 83 24 replied,
827 2229 56 19 often
900 2229 42 19 said

508 2254 42 17 so.''

628 2288 33 21 [TO
673 2293 22 11 DK
708 2288 115 23 Ci'KTIVUI-D.J

599 2353 137 21 HAPPIEST
745 2354 33 19 OF
790 2353 58 20 ALL.

507 2397 65 18 There
581 2397 19 18 is
608 2403 25 12 no
650 2396 48 19 timo
716 2397 20 18 in
757 2396 33 20 the
809 2396 132 26 twonty-four

508 2423 62 18 hours
581 2422 56 20 when
649 2429 36 12 one
696 2423 65 25 ought
772 2425 20 16 to
804 2422 39 19 feel
854 2429 20 12 so
885 2423 45 18 thor-

508 2449 76 25 oughly
597 2448 88 19 satisfied
705 2448 40 19 and
764 2452 81 15 content
859 2455 23 12 as
901 2449 26 18 im-

508 2475 109 24 mediately
627 2475 53 18 after
689 2481 12 12 a
718 2474 59 24 good,
793 2475 25 18 he
832 2477 33 21 rty
883 2474 58 19 meal.

513 2502 42 19 And
571 2501 34 22 all,
614 2500 83 24 healthy
714 2507 83 19 persons
814 2500 26 19 do
857 2500 39 19 feel
912 2507 29 12 so.

508 2528 42 17 The
560 2526 71 25 body's
642 2526 97 19 demands
753 2526 52 19 have
825 2526 49 19 been
887 2530 52 19 -met,

508 2553 41 19 and
558 2559 30 13 we
597 2558 34 13 are
638 2558 51 19 easy
709 2552 39 19 and
767 2552 138 24 comfortable,
921 2559 22 12 as

508 2578 79 25 though
598 2585 28 12 we
637 2578 40 19 had
697 2578 47 26 paid
760 2578 28 19 off
804 2585 26 12 ou
849 2578 33 19 old
900 2578 41 19 dun

508 2606 39 17 and
559 2604 39 19 had
614 2611 71 18 money
696 2604 43 19 left.
769 2604 38 19 W'e
825 2611 34 12 are
876 2611 55 12 acces-

508 2632 58 22 sible,
590 2630 94 23 humane,
708 2630 40 20 and
772 2630 53 25 good
849 2630 91 20 natured.

508 2658 63 23 Thin,
579 2657 16 18 if
604 2663 50 14 ever,
668 2663 28 13 we
706 2656 40 20 will
760 2660 59 21 grant
830 2663 12 12 a
862 2660 81 21 request

510 2684 83 18 without
604 2683 123 24 grumbling.
779 2682 53 19 True
851 2682 75 20 benevo-

601 2716 46 17 says
665 2716 12 12 a
698 2712 68 21 crusty
785 2708 32 18 old
836 2709 65 18 friend
918 2709 21 19 of

509 2736 59 22 mine,
604 2735 16 19 is
627 2734 79 20 located
716 2735 20 17 in
745 2742 12 11 a
762 2735 84 24 capable
852 2735 88 17 stomach

508 2761 89 24 recently
604 2760 61 19 filled.
675 2760 3 25 '

534 2787 48 23 Yes,
606 2787 38 18 but
663 2787 54 18 what
740 2787 21 17 of
780 2788 35 17 the
835 2785 106 26 incapable

508 2813 107 22 stomachs,
626 2812 23 19 of
658 2813 66 19 which
727 2813 58 19 there
797 2818 34 13 are
841 2812 102 24 som-ny?

508 2839 128 19 —stomachs
646 2838 45 20 that
695 2838 117 26 disappoint
821 2839 39 18 and
869 2837 74 26 plague

509 2865 53 19 their
571 2871 83 14 owners,
665 2865 31 18 till
706 2865 35 18 the
750 2869 32 14 act
792 2865 21 18 of
823 2865 88 23 feeding,
923 2871 20 12 so

509 2890 111 27 delightful
630 2893 21 16 to
659 2891 75 23 others,
744 2891 93 18 becomes
844 2897 24 12 an
877 2893 31 16 act
922 2893 19 16 to

509 2917 60 20 avoid
587 2917 34 19 the
645 2917 98 24 necessity
771 2917 21 18 of
812 2916 66 19 which
897 2916 46 24 they

510 2951 33 11 are
554 2943 72 19 almost
636 2943 79 25 willing
721 2946 20 15 to
752 2942 32 19 die
793 2942 9 19 ?
816 2942 38 22 Ah,
869 2942 44 18 that
926 2942 16 18 is

509 2970 57 24 quite
590 2969 85 19 another
700 2969 65 24 thing.
804 2968 65 19 These
894 2974 49 18 poor

510 2996 54 18 souls
572 3002 33 11 aro
614 2995 48 24 they
673 2995 44 18 who
736 3001 41 18 say,
789 3001 22 12 as
821 2994 51 18 Miss
886 2993 45 20 Wal-

509 3022 42 19 lace
562 3027 45 19 soys
618 3021 19 18 in
647 3021 41 18 this
696 3020 61 19 letter
765 3021 23 18 of
797 3021 52 18 hers.
885 3020 11 18 I
905 3026 40 12 was

510 3054 25 13 no
543 3048 70 24 longer
621 3046 86 19 counted
728 3053 75 18 among
821 3046 58 18 those
898 3046 43 18 who

511 3074 52 18 have
581 3073 92 24 pleasure
694 3073 19 18 in
734 3073 76 24 eating.
840 3072 40 18 Far
892 3071 50 19 from

510 3100 21 18 it.
566 3100 27 17 As
604 3099 31 19 for
645 3105 32 12 me
691 3100 7 18 1.
708 3105 40 12 was
760 3098 66 19 afraid
835 3100 21 16 to
866 3100 38 16 eat.
932 3097 11 19 I

510 3125 36 20 felt
557 3125 34 19 the
601 3124 51 20 need
662 3125 21 19 of
702 3124 53 23 food,
774 3124 21 19 of
812 3123 133 19 course—the

511 3152 103 18 weakness
640 3151 40 18 and
703 3151 83 24 sinking
870 3156 64 12 accom-

510 3177 74 26 panied
603 3177 182 19 abstinence—but
804 3176 55 18 what
880 3182 40 12 was
933 3175 11 19 I

511 3208 20 14 to
540 3203 27 19 do
577 3205 9 17 ':'
600 3203 43 19 The
653 3206 88 15 moment
748 3203 11 17 I
768 3205 39 20 ate,
818 3208 33 16 my
863 3201 82 19 distress

511 3230 40 18 and
576 3236 47 18 pain
643 3228 133 19 commenced.
814 3228 32 18 iS'o
872 3230 71 15 matter

511 3256 46 18 how
579 3255 54 24 light
650 3255 35 18 the
706 3256 67 23 repast
782 3260 47 14 was,
849 3260 37 12 nor
901 3253 45 18 how

510 3281 77 19 careful
594 3281 11 18 I
614 3287 40 11 wa«
664 3283 35 15 not
708 3283 21 15 to
753 3280 63 24 hurry
835 3279 20 19 in
875 3279 72 24 taking

511 3308 21 22 it,
544 3308 35 18 the
590 3306 62 19 result
663 3313 40 12 was
713 3306 35 19 the
757 3312 60 13 same.
845 3305 43 19 The
901 3305 42 18 dis-
953 3305 1 25 '

511 3337 51 15 tress
569 3332 42 19 and
620 3332 97 26 gnawing
720 3332 59 25 pains
788 3331 99 22 followed,
897 3330 49 19 with

512 3359 118 19 discomfort
640 3359 20 18 in
669 3358 34 19 the
713 3359 63 21 chest,
786 3358 40 18 and
836 3365 11 11 a
858 3363 58 12 senso
927 3356 21 19 of

514 3385 95 24 choking,
618 3391 22 11 as
649 3384 16 19 if
675 3391 56 12 some
741 3384 40 18 bits
799 3384 21 18 of
838 3383 48 18 food
907 3382 40 18 had

511 3410 78 25 lodged
600 3411 56 18 there
667 3411 39 18 nnd
720 3417 51 11 were
787 3409 104 25 irritating;
908 3415 38 11 mo.

562 3436 26 19 So
606 3436 150 24 objectionable
774 3435 39 19 and
832 3437 114 22 repugnant

513 3466 19 15 to
543 3469 32 12 me
583 3468 40 13 was
642 3462 35 19 the
694 3465 32 15 act
745 3462 20 18 of
775 3462 70 23 eating
855 3461 44 18 that
917 3460 31 19 for

513 3490 50 24 days
577 3488 94 24 together
680 3488 11 18 I
700 3487 65 19 didn't
775 3487 61 18 touch
845 3493 13 12 a
874 3486 72 19 morsel

512 3516 22 18 of
544 3514 51 20 solid
614 3514 53 23 food,
686 3513 115 24 subsi-ting
821 3512 84 24 entirely
924 3518 24 12 on

514 3541 48 18 milk
573 3540 39 19 and
623 3540 48 18 soda
683 3543 67 15 water.
779 3539 73 24 Owing
865 3540 20 16 to
907 3537 41 19 this

513 3566 93 20 enforced
623 3566 45 18 lack
682 3566 21 18 of
723 3565 141 19 nourishment
883 3563 12 19 I
913 3566 36 22 got

513 3592 110 24 extremely
634 3592 62 22 weak,
708 3591 40 19 and
758 3591 63 19 about
832 3596 22 12 as
862 3589 44 19 thin
927 3596 22 11 as

514 3619 10 18 1
534 3618 59 19 could
601 3618 31 18 be.
661 3618 10 18 I
682 3621 54 15 must
744 3620 35 16 not
794 3617 68 23 forget
875 3619 21 14 to
913 3621 35 18 say

515 3645 43 18 that
568 3644 41 18 thi--
616 3643 108 26 happened
733 3646 20 15 to
764 3649 32 12 me
806 3648 22 12 or
838 3642 68 18 rather
916 3641 31 19 be'

513 3677 41 18 gan
564 3673 20 16 to
596 3669 81 25 happen
687 3669 21 19 in
719 3669 56 24 July,
790 3669 54 21 1896,
864 3667 58 18 when
938 3666 12 19 1

515 3702 40 14 was
564 3695 66 24 living
640 3698 21 16 at
678 3694 134 26 Wellington,
829 3693 20 18 in
870 3692 63 26 Shrop-

514 3722 60 20 shire.
609 3721 21 19 It
640 3728 56 12 came
706 3727 25 12 on
734 3721 4 23 ;
752 3727 22 12 as
793 3726 40 18 you
850 3725 46 17 may
915 3725 35 17 say

515 3747 106 26 gradually
629 3748 39 17 and
678 3749 35 17 not
725 3747 47 18 with
784 3753 39 16 any
834 3744 78 19 sudden
929 3751 21 11 or

515 3779 57 14 acute
581 3775 117 23 symptoms.
727 3772 11 19 I
748 3772 63 19 found
823 3770 73 24 myself
903 3770 45 23 low,

515 3799 90 25 languid,
626 3799 40 18 and
678 3798 57 19 tired.
764 3798 57 18 Then
841 3802 55 13 came
913 3796 35 18 the

515 3826 73 19 failure
599 3824 20 19 of
630 3831 33 17 my
677 3824 90 24 appetite
786 3823 40 19 uud
847 3822 34 19 the
894 3821 58 19 other

517 3852 69 23 things
596 3850 10 18 1
617 3850 52 19 have
684 3850 80 18 named.

567 3877 11 18 X
597 3876 48 18 took
661 3876 34 17 the
713 3875 59 18 usual
796 3874 108 19 medicines
921 3874 31 18 for

515 3902 130 25 indigestion,
675 3901 37 19 but
731 3901 49 24 they
797 3900 40 19 had
857 3906 25 12 no
899 3899 53 25 good

516 3928 65 20 effect.
592 3928 59 18 After
659 3927 31 19 six
700 3927 90 18 month's
800 3927 21 17 of
832 3925 118 24 experience

515 3955 22 19 of
548 3954 40 19 this
604 3953 50 19 kind
670 3953 22 18 of
711 3953 74 23 misery
802 3951 12 19 I
832 3951 48 19 read
900 3951 22 18 in
940 3957 13 11 a

517 3980 54 19 book
581 3979 63 19 about
654 3978 83 19 Mother
747 3977 86 25 Seigel's
844 3978 66 23 Syrup
927 3982 23 12 as

517 4013 12 12 a
539 4005 82 24 remedy
631 4005 32 18 for
671 4005 42 17 this
730 4003 85 23 disease,
832 4003 40 18 and
887 4005 35 22 got
941 4008 12 12 a

518 4031 63 19 bottle
592 4031 53 18 from
656 4030 33 18 Mr
699 4030 66 22 Bates,
778 4029 34 18 the
822 4028 90 23 chemist,
931 4034 22 12 in

517 4057 135 24 Wellington.
682 4055 86 24 Having
784 4054 49 19 used
851 4054 15 19 it
881 4060 12 13 a
913 4054 40 18 few

517 4083 50 24 days
578 4083 12 18 I
600 4082 38 19 felt
656 4084 58 23 great
730 4081 65 21 relief,
814 4081 40 18 and
868 4080 59 19 when
941 4079 12 19 I

518 4109 39 19 had
565 4108 112 19 consumed
685 4111 40 16 two
744 4107 74 18 bottles
835 4106 12 19 I
862 4112 40 13 was
919 4112 24 12 en-

518 4135 59 25 tirely
588 4134 51 20 well.
667 4134 59 20 Since
737 4133 49 19 then
796 4133 11 18 I
818 4132 51 19 have
878 4132 66 21 he&rti-

961 128 20 25 ly
991 128 129 19 commended
1132 128 81 18 Mother
1224 127 86 25 Seigel's
1327 127 66 26 Syrup

962 156 20 16 to
992 161 62 17 man}'
1063 154 83 23 friends,
1158 154 45 19 who
1213 153 52 19 have
1281 153 114 24 invariably

962 179 51 19 been
1023 180 67 21 cured,
1101 187 22 11 as
1133 180 12 18 I
1155 186 47 12 was.
1229 179 48 19 You
1288 179 53 18 h'ivo
1362 186 32 17 my

962 237 39 17 you
1012 231 64 19 desire
1084 233 21 16 to
1115 231 26 19 do
1150 238 28 11 so.
1209 229 97 26 (Signed)
1317 230 78 18 Minnie

962 257 96 23 Wallace,
1077 257 75 23 Nurse,
1169 257 44 17 The
1233 255 68 19 Union
1321 255 60 19 Work-

962 281 69 25 house,
1040 282 96 22 Oldham,
1147 282 105 22 February
1263 281 58 21 22nd,
1339 283 55 16 180.5.

988 308 25 19 In
1023 314 12 12 a
1044 308 169 19 communication
1230 306 59 19 dated
1304 306 91 26 January

963 334 41 22 Bth,
1016 334 56 22 18U5,
1086 335 44 17 .Mrs
1148 334 109 18 Henrietta
1276 332 116 22 McCallim,

962 360 21 17 of
1002 361 31 21 -10,
1058 359 124 19 Downsfield
1200 358 62 23 Road,
1279 358 102 19 Waltham-

962 388 56 19 stow,
1038 391 49 12 near
1103 385 92 23 London,
1216 387 62 16 states
1297 384 45 17 that
1360 384 37 18 her

962 410 101 24 daughter
1073 411 74 18 Emma
1159 411 36 18 fell
1204 410 23 18 ill
1237 410 21 18 in
1275 410 34 18 the
1326 410 71 24 spring

963 436 20 18 of
996 437 47 18 1885
1055 436 49 19 with
1114 436 34 18 the
1159 443 55 12 same
1231 438 109 22 symptoms
1350 435 34 19 des-

962 462 69 18 cribed
1041 462 26 23 by
1079 462 51 18 Miss
1141 462 99 19 Wallace.
1268 461 40 19 She
1324 461 72 19 craved

963 487 53 22 food;
1028 491 39 20 yet,
1082 487 57 19 when
1152 488 15 18 it
1182 494 40 12 was
1238 487 70 25 placed
1327 486 70 19 before

964 513 41 22 her,
1018 513 36 18 sho
1061 513 73 18 turned
1154 513 52 19 from
1226 513 14 19 it
1260 513 72 18 almost
1348 512 49 18 with

964 538 98 25 loathing.
1171 539 50 19 tiniy
1239 541 53 17 went
1376 544 21 12 so

963 570 48 12 runs
1021 564 35 18 the
1067 565 97 17 mother's
1173 565 65 22 letter,
1272 570 33 17 my
1318 563 65 25 daugh-

964 593 30 14 ter
1002 590 80 18 became
1092 596 21 12 so
1124 590 57 18 weak
1199 591 35 18 she
1248 589 60 19 could
1324 589 72 24 hardly

964 615 58 21 walk,
1051 615 87 19 Neither
1156 616 59 19 home
1235 615 108 19 medicines
1360 621 37 12 nor

963 641 58 18 those
1034 641 22 18 of
1073 641 34 19 the
1128 641 79 19 doctors
1223 642 35 18 did
1276 647 39 18 any
1338 640 58 26 good.

964 666 44 19 Her
1030 666 111 26 sufferings
1162 667 109 19 continued
1296 668 32 17 for
1350 673 47 12 over

964 692 56 24 eight
1029 699 64 17 years.

1046 718 60 21 June,
1118 720 56 21 1894,
1186 718 36 19 she
1239 718 66 24 began
1324 718 73 24 taking

965 744 81 18 Mether
1056 744 85 25 Seigel's
1152 744 73 25 Syrup,
1245 745 21 17 of
1282 744 65 19 which
1367 750 29 12 we

965 770 38 18 had
1012 770 43 25 just
1064 770 49 19 read
1123 769 20 20 in
1154 777 12 11 a
1176 770 52 18 little
1239 770 53 18 book
1303 770 43 19 that
1357 776 40 12 was

965 796 35 18 left
1011 801 20 13 at
1040 796 33 18 the
1084 796 70 18 house.
1183 796 24 18 In
1218 803 12 11 a
1240 796 57 18 week
1312 796 34 18 ehe
1358 802 39 12 was

964 822 72 22 better,
1047 822 40 18 and
1096 822 21 18 in
1134 821 39 19 less
1188 822 50 18 than
1260 827 38 13 two
1317 822 80 18 months

965 848 36 18 she
1011 854 41 12 was
1061 847 99 25 enjoying
1177 847 66 19 better
1261 847 70 19 health
1347 847 50 19 than

964 880 47 12 ever
1021 873 75 19 before.
1126 874 38 17 Sho
1175 873 36 18 has
1225 873 52 19 since
1293 873 52 19 ailed
1362 880 24 11 no-

964 900 65 24 thing,
1042 899 40 19 and
1091 906 36 12 can
1138 902 33 16 eit
1181 906 40 17 an}'
1236 899 49 18 kind
1304 899 22 18 of
1343 899 53 18 food.

965 925 84 25 (Signed
1052 931 15 18 ).
1068 925 63 24 (Mrs)
1145 925 108 19 Henrietta

1135 951 57 25 sings
1218 951 83 21 Homer,

964 977 58 19 those
1033 978 45 17 who
1087 977 37 19 fell
1132 974 64 21 under
1206 977 34 18 the
1254 977 50 23 high
1315 976 43 20 wall
1377 976 21 19 of

1067 1002 93 27 Happier
1170 1010 34 11 are
1219 1002 47 25 they
1284 1003 44 18 who
1346 1002 52 19 have

965 1036 61 11 never
1055 1029 64 19 fallen
1148 1032 65 15 under
1240 1029 36 18 the
1302 1028 96 24 crushing

966 1055 75 24 weight
1059 1056 22 17 of
1100 1055 124 25 indigestion
1243 1061 23 12 or
1284 1055 113 25 dyspepsia.

965 1081 108 24 Happiest,
1084 1080 95 27 perhaps,
1190 1082 22 17 of
1222 1081 27 18 all
1257 1087 33 12 are
1298 1080 47 24 they
1355 1080 43 18 who

966 1107 52 18 have
1030 1108 49 17 been
1085 1103 60 22 lifted
1154 1114 28 18 up
1190 1108 27 23 by
1225 1106 80 19 Mother
1313 1106 85 24 Seigel's

965 1132 82 25 remedy
1057 1133 41 18 and
1107 1132 71 25 placed
1189 1134 65 17 where
1273 1139 48 12 once
1337 1132 61 24 again

963 1159 51 24 •they
1027 1165 38 12 can
1083 1162 39 19 eat,
1143 1158 60 19 drink
1223 1158 40 19 and
1281 1158 25 19 bo
1325 1164 72 18 merry.

965 1184 46 19 And
1022 1185 17 18 if
1049 1185 24 18 all
1086 1186 57 17 these
1153 1185 57 18 could
1225 1184 25 18 be
1261 1184 97 25 gathered
1369 1186 20 16 to-

965 1211 73 24 gether
1063 1211 48 24 they
1128 1210 66 20 would
1213 1210 60 19 make
1289 1217 12 11 a
1320 1214 78 21 greater

965 1237 46 18 host
1021 1237 51 19 than
1080 1237 34 19 the
1122 1237 68 19 Greek
1197 1239 47 22 poet
1252 1242 46 13 ever
1305 1235 93 19 dreamed

964 1263 28 17 of.

1236 65 58 19 THE
1321 65 56 19 HOT
1405 65 92 19 IiAKES
1525 65 171 24 CHRONICLE,
1724 67 190 22 WEDNESDAY,
1941 67 75 19 JUNE
2045 70 30 21 10,
2093 69 48 18 1896

990 1318 16 18 A
1015 1317 63 19 choice
1087 1318 89 17 selection
1189 1318 20 17 of
1223 1317 24 17 oil
1262 1317 96 22 paintings
1374 1316 26 22 by

965 1341 32 16 Mr
1006 1341 20 17 C.
1037 1340 99 19 Blomfleld
1145 1346 44 17 way
1198 1346 42 11 now
1249 1340 23 17 be
1281 1345 41 12 seen
1333 1341 18 16 at
1369 1339 31 18 the

965 1364 117 17 Cukonkxe
1092 1364 63 18 Office.
1181 1363 52 24 They
1242 1363 91 23 comprise
1345 1363 55 17 views

965 1388 18 15 in.
995 1387 37 18 this
1042 1386 149 24 neighborhood,
1202 1386 99 21 Wairakei,
1318 1385 68 20 Whaka-

965 1416 106 14 rowarowa,
1081 1411 40 19 &c,
1135 1410 38 17 anil
1190 1411 47 16 from
1251 1410 49 16 their
1313 1409 77 18 faithful-

964 1439 43 12 ness
1028 1434 37 16 and
1083 1433 95 18 attention
1195 1434 21 16 to
1235 1433 58 17 detail
1314 1438 31 11 arc
1358 1432 42 17 well

965 1456 61 18 worth
1039 1457 33 17 the
1081 1457 95 17 attention
1185 1456 19 17 of
1213 1456 61 17 lovers
1287 1456 20 16 of
1316 1457 35 15 art.
1377 1455 23 19 In

965 1479 84 19 addition
1060 1481 20 16 to
1089 1480 52 17 these
1152 1479 51 18 there
1218 1484 30 13 are
1265 1486 10 9 a
1289 1478 79 18 number
1381 1479 19 16 of

966 1506 57 13 wain-
1031 1502 50 19 color
1090 1503 85 16 sketches
1184 1502 80 17 suitable
1274 1503 28 16 fur
1311 1501 89 23 birthday

965 1532 21 10 or
995 1525 66 18 Easter
1066 1526 76 18 Cards.*

990 1557 40 18 Our
1037 1557 89 20 Tokaanu
1140 1556 146 24 correspondent
1303 1556 82 18 writes:-

966 1582 39 15 Our
1015 1582 19 15 i>i'
1049 1580 31 17 the
1098 1582 48 16 most
1164 1580 111 23 interesting
1292 1580 81 17 features
1382 1580 18 16 of

966 1604 31 16 tin'
1007 1604 36 16 late
1060 1604 64 17 native
1138 1603 112 23 parliament
1268 1609 37 10 was
1322 1603 32 17 the
1369 1608 20 11 re-

965 1627 70 20 calling
1044 1628 19 15 of
1072 1627 31 16 the
1114 1626 128 24 genealogical
1251 1627 40 16 tree
1296 1625 25 23 by
1331 1626 68 16 several

965 1651 20 16 of
994 1650 31 16 tin.'
1035 1650 30 17 old
1075 1650 77 17 Maoris.
1178 1650 38 17 The
1229 1649 66 17 modus
1312 1648 87 23 operandi

966 1679 37 11 was
1013 1680 19 9 as
1042 1673 79 18 follows.:
1148 1674 60 16 Siic'c<
1219 1677 47 13 were
1271 1672 88 23 placedal
1371 1671 19 18 in-

966 1696 74 21 tervals,
1058 1697 45 16 each
1122 1695 129 24 representing
1268 1702 23 10 an
1308 1696 91 20 ancestor,

966 1719 37 17 and
1012 1719 53 17 those
1074 1721 73 21 present
1158 1718 104 24 proceeded
1266 1719 20 18 to
1295 1723 53 13 name
1355 1719 44 16 each

966 1742 48 19 from
1024 1743 31 16 the
1065 1743 62 16 father
1136 1742 48 17 back
1192 1744 21 15 to
1221 1742 33 17 the
1263 1742 66 18 arrival
1340 1741 19 18 of
1369 1741 31 19 the

966 1766 102 21 particular
1085 1765 68 19 Canoe.
1180 1766 59 16 Those
1256 1765 42 17 that
1315 1764 56 18 failed
1380 1766 20 17 to

966 1790 49 16 trace
1026 1795 46 10 were
1081 1788 75 22 hooted,
1168 1789 55 16 while
1232 1789 53 15 those
1302 1789 41 15 who
1353 1794 47 10 were

966 1812 101 17 successful
1076 1818 48 11 were
1133 1811 88 18 cheeered
1235 1811 71 18 lustily.

967 1874 42 45 IF
1024 1874 58 20 YOU
1105 1874 57 20 ARE
1185 1873 64 20 SICK
1267 1874 18 18 in
1299 1879 39 19 any
1357 1881 42 17 way

1019 1900 103 19 whatever
1136 1900 50 19 send
1203 1906 12 13 a
1230 1900 92 25 stamped
1339 1905 48 14 enve-

966 1925 45 26 lope
1021 1929 19 16 to
1050 1932 37 13 our
1098 1926 89 26 Agency,
1199 1925 136 26 Wellington;
1347 1928 52 17 state

966 1953 34 18 the
1010 1959 44 12 case
1065 1959 22 12 as
1103 1952 99 25 minutely
1211 1959 22 12 as
1252 1951 87 26 possible
1359 1952 39 18 and

966 1985 39 17 you
1021 1978 77 19 receive
1118 1978 68 19 advice
1207 1978 25 24 by
1258 1981 67 15 return
1346 1983 51 19 post.

966 2005 42 18 Our
1017 2009 73 21 agents
1105 2011 33 12 are
1149 2004 28 19 all
1186 2004 103 24 qualified.
1323 2004 20 18 If
1358 2010 40 18 you

966 2030 78 19 enclose
1054 2032 22 17 2s
1093 2030 26 19 fld
1137 2037 28 12 we
1183 2029 40 20 will
1240 2029 49 20 send
1305 2035 38 19 you
1363 2036 37 13 our

967 2056 43 19 best
1020 2056 81 25 remedy
1113 2057 31 18 for
1154 2056 34 19 the
1204 2063 44 11 case
1266 2056 77 23 lasting
1358 2062 41 18 you

966 2086 38 15 two
1027 2082 72 19 weeks.
1139 2082 44 19 You
1204 2089 47 12 save
1269 2088 72 19 money
1360 2082 40 19 and

966 2108 83 19 doctors'
1062 2108 53 19 bills.
1143 2108 47 20 You
1200 2109 77 18 receive
1294 2108 70 18 advice
1374 2114 25 12 ou

966 2134 27 18 all
1003 2135 71 23 points,
1088 2135 40 18 and
1138 2135 34 18 the
1183 2138 69 20 purest
1263 2135 21 17 of
1301 2134 98 18 remedies

966 2166 49 17 sent,
1024 2164 21 14 at
1053 2168 25 11 uo
1086 2164 58 15 extra
1151 2164 42 15 cost
1205 2159 48 21 thou
1262 2161 15 17 if
1285 2159 114 26 personally

966 2186 83 24 bought,
1058 2187 27 22 by
1094 2186 64 25 doing
1162 2192 54 19 your
1220 2185 93 19 business
1320 2185 47 19 with
1377 2192 23 13 us

966 2211 26 25 by
1003 2215 50 22 post.
1083 2212 84 20 Consult
1182 2216 20 14 i.t
1212 2218 53 12 once.
1299 2211 101 19 Ailments

966 2237 65 21 which
1040 2244 41 18 are,
1092 2241 22 17 at
1121 2239 35 19 the
1167 2239 47 19 time
1231 2237 88 26 thought
1336 2241 20 15 to
1375 2237 25 19 be

966 2263 57 26 light,
1035 2271 33 12 are
1078 2265 54 19 often
1145 2264 34 20 the
1191 2264 112 24 beginning
1314 2265 20 16 of
1351 2264 40 18 seri-

966 2296 35 12 ous
1011 2297 153 19 consequences,
1178 2291 64 18 which
1263 2290 15 18 if
1297 2290 4 26 t
1319 2290 38 18 keu
1378 2290 21 19 iu

966 2316 46 18 time
1023 2323 33 12 are
1066 2316 88 20 checked
1165 2317 40 18 and
1215 2316 67 19 cured.

966 2345 168 22 &KBATFORD
1151 2345 159 21 BOTANICAL
1329 2345 69 24 COY,,

1071 2372 149 22 Welt-dcgton,
1233 2373 39 17 and
1282 2375 21 15 at

989 2398 81 22 Sydney,
1081 2398 118 19 Melbourne,
1210 2398 50 22 Cape
1265 2397 64 19 Town,
1340 2398 37 17 and

1087 2422 87 19 Lincoln,
1187 2420 95 21 England-

1056 2483 83 26 THE
1160 2483 142 27 MAILS.

998 2562 145 20 ROTORUA
1160 2562 73 18 POST
1253 2562 114 18 OFFICE.

1035 2611 69 19 Mails
1113 2612 63 18 close
1186 2617 26 12 as
1221 2611 73 20 under
1304 2617 27 13 :

966 2681 46 17 For
1021 2681 124 23 Tauranga
1153 2681 26 17 at
1188 2680 54 18 6.30
1251 2685 52 13 a.m.

987 2718 13 10 „
1026 2704 128 18 Auckland
1177 2704 45 17 and
1240 2702 162 19 intermediate

1025 2727 84 22 offices,
1121 2727 55 18 7.30
1185 2731 52 14 a.m.

1135 2759 102 16 Tuesday.

966 2789 45 19 For
1028 2789 126 19 Auckland
1172 2789 46 18 and
1239 2789 163 18 intermediate

1028 2813 84 22 offices,
1122 2813 54 18 7.30
1185 2818 52 13 a.m.

989 2851 11 7 „
1027 2836 171 19 Rotomaßoad
1204 2836 78 22 Camp,
1289 2836 111 19 9.30a.nj.

987 2874 13 7 j,
1027 2860 98 18 Galatea
1134 2859 46 18 and
1197 2858 132 24 Waiotapu,
1348 2859 54 18 7.30

1028 2888 54 17 p.m.

990 2921 10 7 „
1027 2907 85 22 Taupo,
1132 2905 124 22 Atiamuri,

1028 2930 47 17 and
1084 2929 93 23 Napier,
1189 2928 54 19 7.30
1255 2933 53 18 p.m.

1116 2961 138 18 Wednesday.

967 2992 46 18 For
1023 2992 125 19 Auckland
1170 2992 46 18 and
1241 2991 161 19 intermediate

1030 3016 85 22 offices,
1126 3016 54 18 7.30
1189 3020 53 15 a.m.

1126 3045 118 17 TIIUESDAX.

968 3076 45 18 For
1029 3076 127 18 Auckland
1173 3075 46 18 and
1242 3075 162 18 intermediate

1030 3099 85 22 offices,
1126 3099 54 19 7.30
1190 3104 52 13 a.m.

992 3137 10 7 „
1028 3122 98 22 Matata,
1142 3122 155 22 Pongakawa,
1315 3121 87 22 Ohiv/a.,

1306 3145 98 18 Maketu

1030 3169 47 18 and
1086 3168 30 18 Te
1126 3169 71 21 Puke,
1209 3168 54 18 7.30
1271 3173 53 18 p.m..

1144 3201 87 16 Friday.

970 3232 45 17 For
1024 3231 129 23 Tauranga,
1164 3231 54 18 6.30
1226 3236 52 13 a.m.

993 3269 11 7 ~
1030 3254 125 18 Auckland
1176 3253 47 19 and
1244 3253 160 19 intermediate

1032 3278 83 21 offices,
1127 3277 53 19 7.30
1190 3282 50 13 a.m.

993 3316 12 7 ~
1030 3301 86 22 Taupo,
1137 3300 123 21 Atiamuri,
1279 3300 45 18 and
1341 3300 48 19 Wai-

1032 3323 71 23 rakei,
1114 3324 55 18 7.30
1177 3328 55 18 p.m.

1130 3355 117 18 Satuuuay.

971 3387 45 18 For
1030 3387 97 23 Matata,
1144 3386 155 22 Pongakawa,
1318 3385 86 23 Ohiwa,

1199 3408 100 23 Opotiki,
1308 3408 98 20 Maketu

1033 3433 47 19 and
1089 3433 31 19 Te
1129 3433 71 21 Puke,
1211 3431 55 19 7.30
1274 3437 53 19 p.m.

971 3499 52 17 THE
1036 3498 116 17 ENGLISH
1165 3497 68 17 MAIL
1247 3501 36 13 via
1301 3497 103 17 'FRISCO.

995 3547 79 19 Closes
1081 3547 110 21 Rotorua,
1200 3546 92 22 Friday,
1300 3546 64 17 June
1371 3546 34 22 12,

972 3572 25 17 at
1006 3570 54 21 7.30
1068 3575 59 17 a.m.,
1139 3570 45 17 due
1199 3569 23 18 in
1240 3568 98 19 London
1350 3568 56 23 July

974 3594 63 18 15th.

1003 3657 62 18 POST
1078 3657 94 17 OFFICE
1188 3655 186 18 REGULATIONS.

996 3706 47 19 The
1052 3705 71 19 Office
1133 3705 20 18 is
1162 3710 60 18 open
1232 3704 35 18 for
1275 3704 40 18 the
1326 3704 48 17 sale
1384 3704 26 18 of

973 3730 96 22 stamps,
1080 3728 104 23 delivery
1198 3728 46 18 and
1258 3727 150 24 registration

974 3753 26 17 of
1006 3753 88 20 letters,
1104 3751 88 23 receipt
1207 3751 26 17 of
1245 3749 95 24 parcels,
1360 3750 46 22 &c,

974 3776 61 18 from
1043 3776 16 17 9
1067 3780 52 13 a.m.
1129 3775 26 18 to
1164 3778 15 15 i>
1190 3779 52 18 p.m.

997 3799 46 18 For
1060 3803 85 17 money
1162 3796 68 19 order
1246 3796 47 19 and
1312 3796 96 23 savings

973 3822 64 18 bank
1049 3821 115 22 business,
1181 3821 14 17 9
1210 3825 51 13 a.m.
1280 3820 25 17 to
1322 3819 14 18 4
1353 3824 53 17 p.m.

974 3844 136 22 Saturdays,
1120 3845 16 17 9
1145 3849 51 13 a.m.
1207 3844 25 16 to
1241 3843 15 17 5
1265 3847 54 18 p.m.

997 3868 46 18 For
1051 3867 122 23 telegraph
1189 3866 114 19 business,
1318 3864 60 19 from
1394 3865 15 18 9

974 3897 51 12 a.m.
1035 3891 26 17 to
1070 3890 16 18 5
1096 3895 54 18 p.m.

998 3914 98 21 Letters,
1106 3913 76 18 books
1198 3911 46 19 and
1258 3910 89 24 parcels
1365 3916 44 14 can

974 3960 73 19 world
1056 3965 31 12 on
1095 3959 113 23 payment
1218 3961 22 14 01
1258 3963 14 12 a
1285 3957 36 18 fee
1338 3956 26 18 of
1378 3956 32 18 3d

974 3984 25 17 in
1005 3982 105 19 addition
1117 3984 26 16 to
1147 3982 40 18 the
1192 3980 109 23 ordinary
1303 3981 106 21 postage.

999 4007 46 17 The
1054 4005 72 19 Office
1135 4004 48 18 will
1188 4008 96 18 re-open
1291 4008 29 14 on
1331 4003 66 17 Satyr-

975 4029 58 23 days
1042 4028 56 23 only
1107 4028 36 18 for
1157 4027 28 18 15
1200 4027 103 17 minutes
1317 4025 37 18 for
1369 4026 41 17 the

975 4052 103 23 delivery
1093 4051 26 18 of
1132 4051 82 18 letters
1228 4049 59 18 after
1301 4048 40 18 the
1356 4048 54 18 mail

975 4075 103 23 arriving
1087 4075 26 17 at
1121 4073 55 19 7.40
1184 4078 53 17 p.m.
1247 4073 21 17 is
1277 4071 85 19 sorted.

1124 4106 26 18 R.
1164 4105 27 18 L\
1209 4103 130 21 DANSF.Y,

1235 4127 151 18 Postmaster.

1417 127 17 16 A
1452 127 113 18 MEMBER
1584 127 32 16 OF
1636 127 53 17 THE
1709 127 88 18 HOUSE
1818 128 32 17 OF

1508 150 248 17 REPRESENTATIVES.

1440 181 97 21 Speaking
1550 186 24 11 on
1589 179 32 18 the
1635 180 104 23 Pharmacy
1753 181 36 18 BO]
1804 181 45 21 said,

1438 209 25 11 no
1477 203 104 23 profession
1596 204 33 15 lias
1642 204 54 16 made
1711 204 37 17 less
1763 209 88 18 progress

1417 226 71 22 during
1497 226 32 17 Ihe
1545 226 38 16 last
1600 227 32 15 100
1647 231 54 17 years
1714 226 48 17 than
1776 227 43 17 that
1832 227 20 17 of

1537 254 22 11 or
1567 248 61 18 words
1637 249 19 16 to
1665 249 43 17 that
1720 249 60 17 effect.
1813 250 39 16 The

1417 272 81 17 M.H.R.
1514 271 57 22 spoke
1584 271 80 17 without,
1678 272 95 22 thiuk'ug,
1792 278 21 11 or
1829 272 23 17 he

1419 294 63 18 would
1495 296 34 16 not
1547 294 46 16 have
1610 293 53 18 made
1680 294 46 18 such
1743 300 22 12 an
1784 294 68 18 absurd

1419 318 106 16 statement.
1551 317 30 16 He
1589 317 97 22 evidently
1699 317 55 17 knew
1770 319 82 20 nothing

1418 339 20 18 of
1446 340 33 17 the
1488 346 41 11 new
1537 339 77 22 remedy
1623 339 71 18 termed

1559 363 153 17 NEUPOL

1419 384 61 17 which
1489 384 22 20 is,
1514 383 21 17 in
1537 383 117 23 comparison
1662 385 44 15 with
1711 384 91 17 remedies
1808 384 46 18 used

1419 411 25 13 evi
1453 413 30 10 n-
1486 414 10 9 o
1504 413 54 15 years
1567 413 42 15 ago,
1619 412 21 11 as
1647 407 49 21 light
1704 407 21 17 to
1734 406 95 19 darkness.

1560 435 153 18 NEUROL

1418 456 16 16 is
1442 462 10 10 a
1468 454 128 24 scientifically
1612 456 91 21 prepared
1721 456 96 20 medicine,
1835 456 19 16 in

1419 478 32 18 the
1461 479 48 19 form
1518 479 19 17 of
1546 479 91 21 powders.
1663 479 19 16 It
1688 479 15 17 is
1711 480 35 16 not
1758 479 85 22 disagree-

1419 501 42 18 able
1468 501 4 21 ;
1487 502 15 17 it
1510 502 15 16 is
1534 505 33 13 not
1577 501 98 21 expensive
1683 501 3 21 ;
1700 501 15 17 it
1725 501 33 18 lies
1766 502 21 16 in
1800 502 54 16 small

1419 530 96 16 compass;
1529 525 15 16 it
1554 524 84 17 contains
1647 530 24 11 no
1680 525 70 21 opium,
1769 525 85 21 morphia

1420 553 20 11 or
1455 548 117 21 antipyiine:
1591 547 16 16 it
1623 547 39 16 will
1678 549 34 15 not
1729 553 43 11 cure
1788 553 55 16 every-

1419 570 57 22 thing
1484 571 34 15 but
1533 570 16 16 it
1563 571 16 15 is
1593 569 82 17 effective
1688 570 20 16 in
1721 570 27 17 all
1761 576 51 12 cases
1826 571 29 16 for

1421 593 61 17 which
1490 593 16 16 it
1514 593 15 16 is
1542 592 147 18 recommended.

1560 621 155 18 NEUROU

1421 642 37 17 will
1467 642 68 17 relieve
1544 648 55 16 every
1608 642 49 17 form
1673 643 21 17 of
1710 642 95 19 headache
1822 644 33 17 no.t

1420 665 68 17 caused
1497 665 25 22 by
1530 665 54 17 brain
1595 665 75 17 disease.

1562 694 153 18 NEUROL

1420 720 53 11 cures
1492 714 99 24 neuralgia
1611 715 20 17 of
1647 715 33 18 the
1696 716 41 16 face
1753 715 38 17 and
1807 715 48 18 head

1420 743 51 11 more
1480 738 96 22 promptly
1586 738 46 17 than
1641 738 82 22 quinine.

1443 760 35 17 LA
1483 760 102 20 GRIPPE,
1595 767 21 11 or
1619 761 153 17 INFLUENZA
1778 762 48 17 loses
1832 762 23 16 its

1421 785 69 15 terrors
1499 783 15 17 if
1522 783 107 19 NEUROL
1637 785 15 16 is
1661 785 57 17 taken
1728 787 19 14 at
1757 785 33 17 the
1804 791 39 11 com-

1421 808 116 15 mencement
1546 807 21 16 of
1574 807 33 16 the
1615 807 70 18 attack.

1444 830 92 19 COLDS.,.
1573 830 140 21 CATARRHS,
1748 830 107 21 FEVERS,

1421 853 175 17 RHEUMATISM
1621 860 31 10 are
1678 854 25 17 all
1725 854 82 17 relieved
1831 854 24 22 by

1421 875 112 19 NEUROL.

1445 901 37 16 For
1503 905 72 12 women
1595 900 107 19 NEUROL
1718 900 16 17 is
1753 900 102 22 peculiarly

1421 924 86 18 suitable,
1517 924 15 16 it
1542 929 52 11 cures
1602 923 26 17 all
1643 923 72 22 painful
1732 929 73 16 cramps
1820 923 35 17 and

1408 946 2 22 j
1421 946 54 18 other
1483 947 60 21 pains.

1445 969 61 22 Every
1527 970 66 19 miner,
1614 969 93 19 bushman
1732 969 38 17 and
1793 969 64 17 settler

1421 992 67 18 should
1497 999 72 15 possess
1578 999 11 10 a
1598 992 38 17 box
1645 992 19 18 of
1673 992 114 17 NEUROL.
1815 993 18 16 It
1842 993 15 16 is

1421 1021 10 11 a
1441 1016 90 16 medicine
1541 1016 52 17 chest
1602 1016 18 16 in
1631 1016 53 16 small
1694 1021 92 16 compass.

1445 1038 44 18 Sold
1499 1038 25 23 by
1533 1039 25 17 all
1568 1039 126 21 storekeepers
1707 1039 37 16 and
1763 1039 93 17 chemists,

1422 1062 19 17 2s
1450 1068 33 16 per
1492 1062 43 19 box,
1546 1068 21 11 or
1575 1063 43 21 post
1633 1062 38 17 free
1689 1063 48 16 from
1750 1061 107 19 NEUROL

1422 1084 40 19 Co.,
1473 1085 105 19 Auckland,
1589 1086 19 15 2s
1619 1085 28 16 Id.

1445 1107 104 19 Wholesale
1559 1109 48 15 from
1617 1107 130 24 Kempfhorne
1755 1108 39 17 and
1800 1108 46 17 Pros-

1421 1136 35 15 ser,
1466 1137 22 11 or
1497 1130 93 19 Sharland
1599 1131 37 17 and
1645 1131 32 17 Co.

1425 1181 240 46 KUSABS
1700 1181 155 46 BROS

1531 1237 218 33 MAHAKU

1421 1277 74 42 SAW
1510 1277 27 40 &
1562 1277 154 42 PLANING
1738 1277 117 40 MILLS.

1424 1347 269 23 MO'JNTHIN
1718 1348 138 25 RI7VTU,

1423 1406 134 20 GENUINE
1572 1407 59 19 DKY
1649 1407 79 19 LAND
1745 1407 111 19 TIMBER

1527 1437 30 17 IN
1569 1437 53 17 THE
1635 1437 115 18 MAEKET.

1425 1482 125 19 11TESSBS
1571 1482 98 19 KUSABS
1687 1484 71 17 P,ltOS.
1773 1483 37 23 beg
1828 1489 28 12 re-

1424 1501 50 25 XtJL
1499 1506 102 23 specifully
1604 1507 22 17 to
1633 1507 71 17 inform
1712 1507 33 17 tho
1758 1507 67 18 Public
1838 1507 18 17 of

1425 1529 118 17 b'uiuraaaud
1554 1529 43 21 viei>■
1601 1529 3 21 >
1614 1535 11 14 y
1635 1529 38 17 that
1682 1532 40 18 they
1738 1529 45 17 liave
1798 1532 48 14 estab-

1423 1551 54 17 lished
1486 1557 10 9 a
1506 1552 42 19 yard
1557 1551 18 15 in
1588 1549 118 18 Hitiemoa-st,
1724 1552 33 14 »ud
1773 1556 31 10 c.iu
1819 1556 37 10 now

1422 1574 63 20 supply
1494 1573 28 14 tliu
1531 1573 51 14 fiucLt
1590 1572 43 15 class
1647 1573 19 14 of
1681 1573 26 15 B.u
1714 1571 50 21 Jdinjr
1776 1571 80 18 Material

1423 1594 16 15 in
1449 1594 28 15 the
1486 1593 75 16 Market.
1578 1592 17 17 It
1603 1593 14 15 is
1625 1594 102 19 uuocpvilled
1736 1594 16 14 in
1762 1592 94 22 durability

1423 1615 33 16 and
1466 1615 105 21 impervious
1580 1615 16 15 to
1606 1616 28 13 the
1644 1616 67 15 attacks
1727 1615 18 15 of
1759 1615 50 15 borer
1823 1615 33 14 and

1422 1637 32 19 dry
1467 1639 32 14 rot.
1522 1635 53 16 Thoir
1581 1635 86 17 sawmills
1674 1641 29 11 are
1709 1635 52 18 fitted
1771 1635 42 17 with
1828 1635 28 16 the

1423 1661 44 11 must
1476 1656 69 18 modern
1555 1656 98 21 pppliances
1663 1657 32 15 and
1706 1657 28 17 the
1743 1658 38 15 firm
1795 1658 14 14 is
1820 1656 36 17 able

1423 1683 17 10 ti>
1456 1679 63 19 supply
1536 1684 33 14 any
1585 1678 81 22 guautity
1682 1679 19 15 of
1717 1679 37 21 Dry
1773 1679 83 19 Building

1423 1699 80 17 Materia)
1512 1705 21 10 on
1543 1700 29 15 the
1581 1700 74 15 shortest
1663 1700 63 16 notice.

1424 1743 141 30 Skirting's,
1574 1742 179 27 Architraves,
1759 1743 82 23 Mould-

1460 1774 68 27 ings,
1540 1773 52 23 and
1602 1772 111 23 Dressed
1723 1773 102 23 Timber

1490 1804 27 23 of
1526 1810 81 22 every
1622 1803 167 29 description,

1516 1834 109 27 Always
1637 1842 32 15 en
1679 1834 85 23 Hand.

1447 1860 122 24 HENAU
1581 1861 107 23 HOUSE
1700 1860 130 23 BLOCKS.

1446 1907 47 17 Price
1503 1908 46 15 List*
1557 1914 21 9 on
1588 1908 103 21 application
1703 1910 18 13 to

1424 1935 224 32 KUSABS
1685 1933 172 36 BEOS,,

1498 1976 117 18 MAMAKTJ
1629 1981 25 12 or
1667 1975 114 19 OHAUPO.

1552 2005 26 17 Or
1587 2006 19 16 at
1615 2005 31 17 11i<'
1660 2004 68 21 Yards,

1446 2032 125 18 HTNEMOA
1584 2032 100 19 STREET,
1706 2030 128 20 ROTORUA.

1425 2099 217 44 Rotorua
1684 2098 171 44 Tours.

1424 2180 188 43 I)ABSENGERS
1619 2181 21 17 to
1649 2180 82 18 Rotorua
1743 2184 32 13 are
1782 2178 76 19 advises

1488 2204 39 16 thai
1539 2210 11 10 a
1564 2203 75 23 regular
1650 2203 51 22 daily
1716 2202 55 18 coach
1790 2202 68 18 service

1423 2227 83 17 between
1517 2226 89 18 Okoroire
1616 2227 37 16 and
1664 2226 83 18 Rotorua
1764 2225 38 17 and
1818 2225 41 18 vice

1423 2257 51 10 versa
1484 2250 14 18 is
1508 2255 42 12 now
1559 2255 49 12 ranr
1610 2250 5 12 ;
1615 2255 33 17 og,

1446 2273 38 18 The
1493 2272 133 23 adraptageso
1642 2272 37 18 this
1684 2272 54 18 route
1745 2277 31 13 are
1781 2277 65 12 numer-

1423 2302 39 15 ous,
1473 2302 10 12 p.
1493 2296 99 18 somewliai
1611 2295 70 19 odious
1691 2295 78 22 railway
1778 2295 80 22 journey

1423 2319 14 18 is
1447 2319 69 18 broken
1534 2318 36 19 and
1581 2319 31 18 tho
1630 2321 52 16 route
1700 2319 91 17 traverses
1810 2323 49 12 pome

1423 2343 20 18 of
1462 2342 31 18 the
1510 2342 82 19 loreliesi
1612 2342 51 18 Bush
1681 2341 80 23 Scenery
1778 2342 21 16 in
1813 2341 46 18 New

1423 2365 88 19 Zealand.

1463 2397 106 21 FARES,
1585 2397 40 18 10s
1636 2396 83 19 EACH
1732 2396 83 17 WAY.

1423 2425 92 23 Special
1532 2425 166 22 Conveyances
1716 2429 43 13 can
1780 2424 29 17 bo
1825 2428 24 13 ar-

1571 2448 87 23 ranged
1667 2448 42 17 for.

1424 2495 76 17 Leave
1526 2494 110 18 Okoroire
1646 2495 35 17 for
1695 2493 105 19 Rotorua
1813 2493 47 18 and

1494 2517 221 19 Whakarewarewa
1745 2516 63 24 daily
1835 2516 25 19 at

1496 2542 30 17 10
1534 2546 52 13 a.m.

1425 2564 83 20 Leave-
1521 2564 109 20 -Rotorua
1638 2563 46 19 and
1693 2563 152 19 Whakarewa-

1493 2592 63 14 rewa
1573 2588 35 17 for
1622 2587 118 22 Okoroire,
1757 2585 62 25 daily
1836 2587 25 17 at

1496 2611 30 18 10
1534 2616 51 13 a.m.

1448 2639 31 17 All
1499 2643 110 19 passengers
1630 2644 31 11 arc
1677 2637 77 18 advised
1776 2638 20 17 to
1811 2637 47 16 av..il

1425 2662 111 18 themselves
1545 2662 21 17 of
1572 2661 39 18 this
1628 2661 61 18 Rouie
1720 2660 4 20 •
1740 2660 91 18 Okoroire
1844 2660 17 18 is

1425 2691 35 12 one
1475 2685 20 17 of
1505 2685 33 17 the
1547 2685 51 17 show
1608 2685 61 21 places
1687 2685 19 15 oT
1723 2683 33 19 the
1773 2683 88 18 Thermal

1425 2709 84 19 District,
1531 2708 37 17 and
1584 2714 24 10 no
1626 2708 42 16 vis-t
1685 2715 18 9 ,i,
1721 2708 25 15 tin
1768 2707 61 16 Lakes
1845 2706 16 17 is

1425 2731 92 23 complete
1526 2731 77 18 witboui
1613 2730 3 24 ;
1622 2730 1 24 ,
1632 2730 2 24 -
1644 2730 2 24 ;
1664 2730 78 18 elusion.

1449 2754 73 23 Special
1530 2754 92 18 attention
1636 2754 15 16 i--
1666 2753 58 18 called
1740 2754 19 17 to
1774 2753 32 18 the
1823 2754 39 16 fact

1426 2778 39 16 that
1476 2785 8 9 :•
1496 2778 55 16 coach
1562 2778 60 16 leaves
1637 2778 82 16 L'olcirna
1731 2777 38 16 and
1780 2776 67 17 Whaka-

1425 2806 99 12 rewarewa
1534 2806 24 12 on
1566 2799 78 23 Sunday
1653 2802 19 15 at
1684 2801 20 15 ID
1714 2805 44 12 a.m.

1561 2846 163 17 HCENTS:

1425 2869 72 16 TITOS.
1512 2868 69 18 COOK
1599 2868 14 17 &
1633 2868 55 19 SOX,
1706 2867 98 18 Auckland
1825 2867 37 16 and

1598 2891 90 18 Rotorua.

1449 2968 88 23 (Under
1545 2967 130 24 Vice-regal
1691 2968 148 23 Patronage.)

1427 3009 36 27 rp
1478 3008 15 18 0
1519 3008 247 19 TOURISTS,
1791 3007 16 18 E
1820 3012 41 13 Tc.

1434 3035 17 17 J
1482 3035 115 14 BEAUTrFuX
1606 3035 101 13 PRESENTS
1719 3035 38 13 FOR
1768 3034 62 14 HOME.

1449 3056 50 21 Very
1516 3055 109 17 Ilanrtsoiue
1641 3054 62 17 Inlaid
1723 3054 73 19 Tables;
1812 3053 38 18 Cab-

1426 3079 54 17 inets,
1495 3078 57 17 Jewel
1568 3079 60 16 Cases,
1644 3078 42 20 etc.,
1703 3078 25 15 all
1743 3077 54 18 made
1814 3077 48 17 from

1426 3102 32 16 the
1467 3102 55 16 finest
1528 3101 20 17 of
1554 3101 45 17 New
1607 3100 99 18 Zealand's
1714 3100 66 18 Forest
1787 3099 75 18 Woods.

1427 3124 110 18 Patronised
1547 3124 24 18 by
1582 3124 35 16 His
1626 3123 114 23 Excellency
1750 3124 32 16 the
1791 3123 46 17 Earl
1844 3123 19 16 of

1427 3147 94 23 Glasgow,
1532 3147 54 17 K.C..
1602 3146 82 19 8.M.G..
1703 3142 37 21 anil
1755 3147 65 19 nearly
1838 3147 25 15 all

1427 3171 31 16 the
1468 3171 86 18 nubility,
1566 3170 68 17 British
1644 3170 39 17 and
1688 3170 82 23 Foreign
1779 3170 83 17 Officers,

1427 3194 36 16 and
1474 3196 68 20 gentry
1552 3194 41 16 who
1608 3193 47 17 have
1670 3192 68 18 visited
1753 3193 46 17 New
1815 3193 36 16 Zea-

1427 3217 52 17 land.

1458 3248 28 18 W.
1500 3247 106 20 NORRIE,
1616 3248 39 21 Top
1664 3248 20 16 of
1693 3246 140 18 Shortland-st.

1944 3122 312 49 JIOCK,LJLND

1901 3195 175 41 COFFEE
2115 3192 193 42 PALACE.

1940 3258 142 32 QUEEN
2103 3256 167 30 STREET,

1891 3310 60 23 Also
1976 3309 106 31 opposite
2105 3307 107 24 Herald
2240 3305 84 31 Office.

1919 3421 50 44 E.
2020 3416 271 55 WATERS,

1988 3497 241 27 PROPRIETOR.

1891 3597 33 18 TO
1940 3596 58 19 THE
2014 3594 105 21 PUBLIC
2134 3594 34 19 OF
2187 3592 137 19 KOTOItUA.

1891 3648 94 43 IBEG
1998 3653 20 13 to
2028 3647 64 19 thank
2102 3646 35 19 the
2150 3644 74 20 Public
2234 3644 21 18 of
2263 3643 49 19 Eoto-

1945 3681 39 11 rua
2002 3674 33 19 for
2049 3672 54 20 their
2109 3673 83 18 favours
2204 3670 75 24 during
2291 3669 33 18 the

1890 3702 45 24 past
1945 3700 71 18 fifteen
2025 3705 65 18 years,
2103 3697 41 19 and
2158 3700 20 15 to
2196 3695 64 24 notify
2281 3695 43 18 that

1891 3732 31 13 tor
1931 3726 35 18 the
1978 3725 133 19 convenience
2122 3723 22 19 of
2153 3722 100 19 residents
2262 3722 20 17 in
2291 3721 33 18 the

1892 3752 49 19 New
1952 3751 117 24 Township,
2082 3749 41 19 and
2133 3755 33 18 my
2178 3747 58 19 trade
2255 3752 58 20 gener-

1891 3778 47 24 ally,
1949 3777 11 19 I
1971 3777 52 18 have
2034 3776 52 19 built

1917 3816 52 18 Ni.w
1978 3815 104 19 Premises
2091 3820 21 12 in
2120 3813 84 19 Fenkhj
2212 3812 84 22 Street,

1891 3860 65 19 which
1967 3866 34 12 aie
2011 3865 44 13 r.ow
2067 3864 52 19 open
2127 3857 32 18 for
2169 3856 100 22 business,
2284 3854 40 20 and

1891 3887 10 18 I
1912 3893 32 11 am
1963 3884 100 27 prepared
2085 3886 20 16 to
2119 3882 74 25 supply

2031 3926 71 19 Prime
2122 3925 63 19 Meat

1891 3977 21 18 in
1924 3976 49 18 both
1983 3975 52 18 New
2047 3974 41 19 and
2098 3973 39 19 Old
2146 3972 126 24 Townships.

1924 4067 42 22 An
1978 4065 154 30 Inspection
2146 4064 23 22 is
2183 4062 108 24 invited.

2100 4109 102 19 lIENPY
2218 4107 80 21 KIBE.

1428 3305 29 18 W.
1462 3305 23 17 L.
1490 3304 99 20 FoaSTEii,
1599 3308 43 17 C.E.,
1668 3304 26 17 H.
1712 3304 16 16 \V
1736 3304 4 21 .
1750 3304 113 19 Mitchell,

1430 3435 159 41 FORSTER
1617 3435 24 40 &
1674 3434 188 45 MITCHELL,

1458 3493 110 26 MINING
1584 3493 171 25 ENGINEERS
1776 3493 61 25 AND

1557 3519 184 28 SURVEYORS,

1430 3562 120 18 VALUERS
1562 3562 32 18 OF
1603 3563 97 16 MINING
1715 3562 54 16 AND
1779 3561 88 17 OTHER

1564 3584 167 22 PROPERTIES,

1500 3622 104 21 Hatxhakt,
1623 3622 50 17 New
1688 3622 105 16 Zealand.

1501 3772 117 16 Normanby
1630 3771 64 20 Road,
1706 3770 89 17 Paeroa.

1439 3837 126 26 Government
1583 3836 101 27 Insurance
1701 3837 129 32 Department.

1506 3890 66 18 Funds,
1585 3894 42 11 oveh
1639 3890 20 21 2J
1670 3890 94 16 Millions.

1439 3929 40 17 Surr>
1491 3928 71 17 Assured
1603 3938 7 3 -
1632 3933 39 12 over
1684 3929 148 23 £9,000,000

1439 3958 64 15 Annual
1517 3958 58 16 Incom.
1603 3965 8 5 •
1656 3961 40 12 over
1708 3958 125 23 £360,000

1573 3998 15 14 J.
1599 3998 19 14 H.
1630 3997 138 17 KICHABBSON.

1463 4068 68 20 TOTE
1551 4074 63 18 paper
1633 4067 40 18 and
1690 4066 114 24 Envelopes
1822 4064 45 19 with

1514 4093 80 26 printed
1608 4093 90 24 heading
1708 4095 22 16 at
1740 4092 64 24 ebenp
1813 4094 54 15 rates

1434 4125 21 15 at
1465 4120 106 20 Chronicle
1586 4119 62 19 office.

1023 4221 100 41 Ask
1155 4220 72 38 for
1256 4214 266 44 Hancock's
1550 4209 275 43 Celebrated
1857 4202 189 45 XXXX
2071 4201 114 41 Ales
2210 4201 95 39 and
2331 4198 149 40 Stout.

2190 151 38 32 n

2109 212 92 19 Tourists
2210 212 41 19 and
2264 213 90 20 Invalids
2363 214 86 24 visiting
2458 214 35 17 the
2503 214 136 21 Wondeiland
2651 218 21 17 of
2681 217 51 18 New
2742 218 90 18 Zealand
2843 218 39 19 will
2889 219 41 19 nnd
2939 220 34 20 the

2062 254 438 77 GRAND
2590 257 414 75 HOTEL

1878 409 8 16 f
1971 410 51 16 most
2032 407 89 25 elegant,
2131 407 132 19 comfortable
2272 408 39 18 and
2321 408 45 18 best
2376 414 110 20 appointed
2496 417 154 11 usiaonsnment
2660 417 20 11 in
2700 417 51 12 ;\u\v
2766 417 97 17 z<oaiana,

1888 430 14 21 1
2347 434 48 19 will]
2408 435 32 17 ihe
2451 437 53 15 most
2517 434 82 18 modern
2613 436 148 18 conveniences.

1903 459 57 20 THE
1973 459 93 18 HOTEL
2084 459 18 18 is
2119 459 22 18 in
2159 459 36 19 the
2213 459 116 18 immediate
2344 459 169 26 neighbourhood
2532 460 22 18 of
2571 459 34 19 the
2624 460 72 22 Priest,
2716 461 83 24 Rachel,
2819 462 121 20 Postmaster
2963 466 39 19 and
3017 467 56 18 other
3088 468 61 18 baths
3173 467 35 19 the

1877 486 89 19 curative
1975 485 113 25 properties
2097 485 21 18 of
2130 485 64 18 which
2210 491 34 12 arc
2260 484 148 19 world-famed.
2436 485 55 19 Bath
2502 485 66 19 chairs
2579 485 39 19 and
2629 487 116 18 attendants
2756 494 35 11 are
2799 488 97 24 provided
2906 492 20 16 to
2938 496 74 18 convey
3027 492 86 20 invalids
3128 482 26 30 to'
3168 492 40 19 and

1877 512 52 19 from
1938 511 35 18 the
1983 510 81 19 various
2075 510 142 19 bath-houses.
2245 510 43 18 The
2298 510 107 19 bedrooms
2415 512 41 18 and
2474 511 87 24 retiring
2582 517 68 12 rooms
2669 518 34 13 are
2722 513 58 19 fitted
2798 513 48 19 with
2874 515 73 21 Bpecial
2958 517 74 24 regard
3045 520 21 17 to
3078 519 35 19 the
3129 519 79 22 require

1877 541 66 14 ments
1952 536 22 19 of
1982 538 69 22 guests
2062 536 21 17 in
2093 536 70 18 search
2172 536 22 17 of
2203 536 92 18 renewed
2305 536 99 24 strength.

1903 563 44 18 The
1959 562 62 19 Baths
2032 564 20 15 at
2063 561 35 18 the
2106 561 129 19 Sanatorium
2247 561 51 18 have
2309 562 99 19 attracted
2418 568 61 18 many
2488 562 82 19 visitors
2589 563 21 18 of
2629 562 41 19 late
2690 569 70 18 years;
2787 567 92 22 amongst
2896 566 56 19 those
2965 568 42 18 who
3015 569 51 19 have
3078 569 63 19 found
3151 569 58 19 relief

1878 589 32 18 bei
1919 589 35 18 the
1963 586 146 23 convalescent,
2120 593 93 16 nervous,
2223 586 119 23 rheumatic,
2353 587 40 19 and
2404 588 101 24 sleepless.

1905 614 91 19 Eotorua
2004 613 18 18 is
2032 612 34 19 the
2085 616 67 15 centre
2170 612 53 18 from
2242 612 63 18 which
2326 612 27 18 all
2374 613 68 24 points
2452 614 21 18 of
2483 614 83 18 interest
2577 613 20 20 in
2615 614 34 18 the
2658 614 95 19 Thermal
2763 616 85 24 Springs
2864 617 82 19 District
2963 625 44 18 may
3022 620 25 19 be
3062 621 84 19 reached
3170 620 39 19 and

1877 640 75 26 special
1961 639 96 19 facilities
2067 645 33 12 are
2110 638 98 25 provided
2217 638 32 18 for
2256 638 58 18 those
2321 637 21 19 in
2352 639 70 19 search
2432 640 21 17 of
2461 639 34 18 the
2506 639 100 19 beautiful
2618 640 40 18 and
2673 640 127 19 marvellous.

1970 670 182 18 MAGNIFICENT
2166 668 176 18 APARTMENTS.
2472 670 85 17 LOFTY
2569 670 145 18 BEDROOMS.
2832 673 112 19 PERFECT
2961 676 158 18 SANITATION.

2022 694 26 18 In
2059 693 57 19 short
2124 699 14 12 a
2147 698 125 13 fikst-class
2286 692 172 19 Establishment
2467 693 88 25 offering
2564 693 58 24 equal
2633 694 95 19 comforts
2737 697 21 16 to
2768 696 33 17 the
2812 696 44 19 best
2871 698 62 18 hotels
2943 698 20 19 in
2972 699 85 25 Europe.

2547 726 11 11 o

2115 744 89 23 Suites
2222 744 27 22 of
2261 743 246 29 Apartments-with
2518 745 97 28 special
2629 746 156 23 attendance
2800 747 38 22 for
2854 748 112 24 Families-

1879 774 97 33 spacious
1986 778 128 20 Promenade
2124 778 113 22 Balconies,
2248 777 57 25 Snug
2318 777 91 23 Alcoves,
2420 778 40 18 and
2477 778 126 24 luxuriously
2620 779 110 25 appointed
2740 780 103 26 Drawing,
2862 782 70 24 Music,
2948 783 147 25 Conversation,
3112 785 97 25 Reading.,

2333 803 99 24 Smoking
2441 804 40 18 and
2492 804 85 19 Billiard
2588 804 81 20 Rooms.
2698 806 70 19 Baths.

2117 840 37 21 Jdr
2171 837 117 19 SPECIAL

1907 873 33 19 All
1947 871 181 20 .communications

2050 930 51 34 A.
2128 919 313 52 BOULTON,

2910 925 240 49 Manager.

2355 978 59 24 (Late
2424 980 21 17 of
2453 978 115 21 Qrosvenor
2577 977 68 24 Hotel,
2658 979 96 24 Sydney.)

2152 1206 350 35 ROTORUA.

2136 1358 37 49 $
2200 1356 46 39 ID
2272 1356 37 50 J(
2363 1355 89 49 P
2482 1353 90 40 Q3
2598 1352 41 40 ?e

2150 1427 128 23 (Formerly
2295 1426 40 18 the
2355 1426 148 21 Parsonage.)

2017 1557 138 21 PRIVATE
2170 1555 102 19 BOARD
2286 1555 65 18 AND
2364 1553 180 20 RESIDENCE.

2241 1608 165 20 SITUATION
2420 1606 209 20 UNRIVALLED..

2148 1764 62 24 Mrs
2229 1765 32 22 D.
2284 1762 195 25 GRIFFITHS-

2099 2107 66 47 IN
2197 2104 115 47 THE
2343 2103 188 47 PRESS

2145 2441 51 31 By
2215 2438 163 27 ELSDON
2401 2437 112 26 BEST.

1904 2635 6 7 .
1925 2621 6 9 V
1934 2616 57 27 HE
2011 2616 123 26 Paioers
2149 2620 73 19 now
2235 2611 175 33 appearing-
2423 2610 34 26 in
2472 2610 54 25 the
2539 2609 84 26 HOT
2636 2608 138 26 LAKES

1902 2639 15 42 [
1935 2648 244 28 CHRONICLE
2192 2646 101 26 under
2305 2645 54 25 the
2374 2645 102 25 above
2489 2643 71 26 title
2573 2642 68 25 will
2650 2642 124 32 shortly

1884 2693 38 24 be
1935 2690 170 34 published
2117 2689 35 25 in
2165 2687 164 34 pamphlet
2342 2686 89 26 form.

2090 2756 129 45 Price
2244 2754 94 46 One
2373 2750 199 58 Shilling.

1919 2892 191 32 Advertising
2122 2891 107 25 Terms
2243 2896 37 18 on
2297 2888 188 33 application
2506 2888 32 24 at
2559 2884 215 27 CHRONICLE

1886 2927 104 24 Office.

2822 1054 178 46 Robert
3034 1056 153 45 Wake

2794 1115 95 45 IVEGS
2897 1118 20 17 to
2925 1116 90 20 intimate
3022 1117 47 20 that
3077 1117 26 19 he
3120 1117 36 19 h?s
3173 1124 45 12 now

2815 1144 20 16 J
2864 1141 107 19 coneludcl
2982 1143 33 19 the
3029 1143 116 19 alterations
3156 1145 21 17 to
3187 1143 32 18 his

2792 1166 95 26 premises
2903 1167 17 20 in
2941 1167 74 20 Feuton
3033 1169 71 23 Street,
3119 1168 99 26 (opposite

2794 1193 32 18 the
2836 1193 68 19 Grand
2914 1193 77 25 Hotel,)
3002 1195 38 18 and
3051 1195 37 18 lias
3097 1200 10 13 a
3116 1194 54 26 large
3180 1195 39 18 and

2794 1218 42 20 well
2847 1219 88 18 assorted
2945 1220 56 18 stock
3010 1221 21 17 of
3045 1220 34 19 the
3098 1220 108 19 undermen-

2794 1244 66 19 tioned
2871 1244 67 24 goods,

2795 1278 66 41 FOR
2881 1278 87 39 CASH
2983 1278 24 41 &
3020 1278 86 41 CASH
3119 1279 100 40 ONLY,

2820 1333 49 19 This
2878 1332 53 20 Rule
2941 1332 41 20 will
2999 1334 21 18 be
3039 1332 75 25 strictly
3135 1333 86 20 adhered

2794 1362 21 15 to
2825 1366 21 10 so
2858 1365 25 13 do
2893 1365 37 12 one
2940 1359 50 19 need
3002 1359 22 19 be
3034 1359 117 19 oil'eudedif
3160 1359 62 19 credit

2795 1385 16 18 is
2823 1385 87 19 refused.

2794 1419 82 23 Men's
2888 1419 124 29 Meicery,
3021 1419 75 28 Hats,
3109 1419 42 23 &c.

2796 1449 82 23 Men's
2894 1449 50 23 and
2958 1449 76 30 Boys'
3052 1450 120 28 Clothing:

2898 1498 15 9 ~
3020 1482 80 22 Boots
3112 1481 21 22 &
3143 1481 77 24 Shoes

2795 1511 133 28 Blankets,
2943 1512 79 28 Rugs,
3034 1512 96 28 Prints,
3145 1512 60 22 Flan-

2848 1543 118 26 nelettes,
2978 1545 47 21 etc.

2796 1574 112 28 Saddles,
2919 1574 108 28 Bridles,
3043 1577 47 20 etc.

2905 1644 101 26 Complete
3017 1646 59 18 Slock
3087 1646 21 18 of

2795 1675 89 29 Fancy
2898 1675 88 27 Goods,
3005 1675 148 30 Stationery
3170 1677 47 22 and

2846 1707 84 22 Books

2795 1738 189 23 Tobacconist's
3001 1738 91 26 Goods,
3103 1740 47 22 etc-

2796 1770 111 23 Musical
2922 1770 175 23 Instruments

2794 1800 110 28 Fishing
2918 1800 94 23 Tackle

2794 1832 119 23 Window
2920 1832 69 28 glass
2998 1832 20 23 &
3027 1832 77 30 Lamp
3113 1832 106 29 glasses.

2794 1884 92 19 LARGE
2901 1883 57 19 AND
2989 1884 230 19 WELL-ASSORTED

2937 1915 85 20 STOCK
3038 1915 34 19 OF

2806 1947 183 26 BIRTHDAY,
3018 1947 93 22 XMAS
3138 1947 68 22 AND

2846 1978 77 23 NEW
2944 1978 90 23 YEAR
3055 1978 111 23 CARDS.

2833 2030 64 19 Maori
2911 2029 69 20 Curios
2992 2030 20 20 in
3023 2032 62 17 Great
3093 2030 89 25 Variety.

2858 2082 116 19 First-class
2991 2082 86 20 Billiard
3086 2081 68 21 Table.

2796 2129 145 25 Prescriptions
2951 2129 106 25 dispensed
3067 2131 26 23 hy
3102 2136 12 12 a
3123 2128 99 22 Qualified

2951 2156 88 18 Chemist
3049 2159 21 16 at

2871 2186 125 32 ROBERT
3012 2186 133 33 WAKE'S.

2828 2260 46 45 R.
2895 2258 297 50 SRIFFiraS.

2906 2324 208 30 ROTORUA,

2797 2362 419 27 GENERALCARTER&CARRIER

2824 2437 65 21 Goods
2898 2437 101 20 delivered
3008 2440 21 17 to
3034 2437 30 20 ell
3080 2440 55 22 parts
3151 2437 21 18 of
3188 2437 34 19 the

2798 2465 75 18 district
2881 2466 19 17 at
2909 2464 36 19 low
2955 2467 59 16 rates.

2878 2503 59 18 ALL
2950 2503 110 18 TRAINS
3074 2502 68 19 MET.

2824 2573 400 26 N.B.—Goodpaddockingforalimited

2799 2601 84 20 number
2892 2601 20 19 of
2922 2601 72 19 horses.
3013 2599 104 26 Spencer's
3126 2599 98 25 paddock,

2799 2626 141 20 web-watered
2965 2626 40 19 and
3036 2633 59 18 every
3126 2625 98 19 attention

2800 2653 51 25 paid.

2913 2711 201 27 ROTORUA

2810 2756 247 27 TEMPERANCE
3083 2755 129 25 HOTEL.

2891 2803 47 19 Mrs
2951 2801 181 21 MORRISON'S

2799 2843 77 17 Situated
2885 2845 17 13 in
2911 2844 27 14 tin'
2946 2843 33 15 Old
2987 2842 92 21 Township
3088 2841 18 16 of
3114 2841 109 21 Ohinemutu,

2799 2865 33 16 mid
2846 2864 95 17 commands
2954 2870 9 10 u
2981 2864 83 19 magnific.
3072 2866 18 12 Nt
3106 2862 43 16 view
3163 2862 18 16 of
3196 2862 29 16 tho

2799 2887 52 16 Lake,
2862 2886 28 16 the
2902 2886 56 16 native
2974 2890 25 16 pn,
3016 2885 67 19 boiling
3097 2884 78 20 Springs,
3192 2883 33 15 and

2941 2906 65 17 Mokoia
3017 2905 64 17 Inland.

2820 2933 66 18 Within
2895 2938 39 16 easy
2942 2938 54 11 access
3010 2932 17 17 of
3039 2933 30 15 tlio
3083 2931 53 17 Baths
3153 2931 32 15 and
3196 2931 29 16 the

2800 2961 90 11 numerous
2897 2955 54 20 sights
2960 2955 17 15 of
2986 2955 70 15 interest
3062 2954 16 14 in
3085 2953 28 15 the
3120 2952 94 21 neighbour-

2801 2977 46 17 hood,

2800 3003 97 17 First-class
2902 3001 140 17 accommodation
3050 3003 17 14 at
3073 3001 88 16 Moderate
3165 2999 57 16 Rates.

2821 3031 15 14 A
2846 3028 99 16 M'.lxtnutiil
2955 3027 85 17 reduction
3050 3027 14 16 is
3072 3027 48 15 made
3129 3027 17 14 to
3160 3024 64 22 weekly

2800 3056 18 11 or
2826 3050 75 19 tn..titlily
2910 3050 83 15 boarders.

2801 3078 54 14 Satis
2869 3075 17 17 of
2902 3075 103 20 apartments
3020 3073 27 17 for
3053 3072 74 17 families
3135 3076 19 12 or
3161 3071 63 21 parties

2964 3095 18 16 of
2990 3095 70 16 friends.

2800 3131 48 19 Mrs
2871 3129 163 22 MORRISON,
3063 3126 154 24 Proprietress

2885 3209 255 22 EXHIBITION.

2802 3261 37 17 Oil
2852 3260 110 18 Paintings
2972 3263 22 13 oj?
3003 3258 50 18 New
3062 3257 95 17 Zejiasl
3168 3255 14 18 Si

2902 3286 46 17 ery,
2958 3282 45 18 Hot
3012 3281 74 19 Lakes,
3096 3280 32 17 &c.

2802 3328 142 19 XTISITORS
2954 3333 30 13 art
2985 3323 2 24 1
2999 3327 62 17 others
3070 3331 31 11 are
3109 3323 118 24 respectfully

2815 3344 15 26 V
2870 3351 70 17 invited
2954 3352 19 16 to
2988 3351 70 21 Inspect
3071 3349 31 17 Mr
3116 3347 111 18 Blomfield's

2803 3376 73 22 Uniqno
2886 3374 98 19 Collection
2995 3373 19 18 of
3029 3371 84 24 Original
3131 3370 96 23 Paintings

2803 3405 41 12 now
2853 3404 23 12 on
2886 3398 45 16 view
2940 3398 19 16 at
2968 3398 28 15 his
3006 3395 70 20 Studio,
3090 3393 137 24 Karangahapc

2803 3421 58 19 Road.
2873 3420 102 18 Auckland.

2826 3445 48 17 N.B'.
2875 3443 121 22 —Paintings
3005 3443 19 16 of
3033 3441 32 18 the
3074 3439 97 23 destroyed
3184 3439 32 17 Ter-

2802 3473 50 12 races
2862 3466 68 19 similar
2941 3467 18 16 to
2974 3466 52 17 thfese
3039 3469 25 13 on
3079 3464 46 16 view
3142 3464 19 16 at
3178 3462 49 17 Lake

2803 3491 63 18 House
2879 3490 37 17 and
2930 3489 59 18 Palact
3013 3488 63 18 Hotel,
3095 3492 33 11 can
3146 3486 44 21 only
3206 3485 21 16 lie

2802 3513 88 19 obtained
2903 3513 56 16 direct
2977 3513 47 16 front
3040 3511 32 17 the
3089 3509 60 17 Artist
3162 3509 18 17 at
3197 3507 30 18 the

2345 3120 163 42 ROTORUA
2531 3117 91 42 BOOT
2645 3117 26 41 &
2687 3116 90 42 SHOE

2498 3177 126 42 DEPOT,

2410 3559 41 11 ir-e
2472 3552 58 19 Stock
2552 3552 21 18 of
2591 3551 93 21 German,
2702 3546 76 21 French

2415 3578 40 18 and
2466 3577 90 20 Colonial
2570 3577 59 19 Boots
2639 3576 76 24 always

2511 3604 20 18 in
2549 3603 67 19 Stock.

2349 3651 66 19 BEST
2424 3648 151 21 MATERIAL.
2611 3644 27 26 B1
2648 3646 31 20 ST
2688 3644 90 26 WOEK.

2348 3765 164 23 Hand-sewn
2522 3763 77 22 Boots
2610 3768 15 16 a
2639 3760 139 30 Specialty.

2375 3845 174 25 WYNYARD
2563 3844 20 22 &
2591 3841 161 28 PURCHAS,

2409 3898 129 20 Bakkistebs
2545 3900 42 13 and
2597 3894 122 22 Solicitors,

2347 3952 80 20 B.N.Z.
2436 3950 117 22 Chambers,
2562 3948 69 20 Queen
2636 3948 28 23 St,
2673 3946 105 20 Auckland

2355 4046 75 28 \l/E
2443 4046 52 18 have
2504 4050 71 17 money
2585 4045 20 16 to
2615 4043 47 17 lend
2674 4048 11 12 o

2364 4073 11 16 T
2380 4064 16 25 V
2439 4078 52 19 gage
2502 4070 20 18 of
2537 4068 99 19 Freehold
2652 4074 32 12 am

2347 4099 49 19 hold
2406 4101 95 22 property
2512 4097 19 17 at
2542 4098 80 16 current
2631 4097 53 15 rates

2585 4045 20 15 to
2615 4041 47 19 lend
2674 4048 25 12 on
2716 4041 62 18 Mori-

3004 3734 112 17 PRACTICAL
3135 3732 79 16 TAiiOll.

2993 3804 104 24 Clothes
3110 3802 72 22 made
3200 3802 26 21 ta

3020 3830 74 23 order
3110 3835 32 14 on
3157 3827 43 22 the

3046 3854 129 23 shortest

3063 3879 90 24 notice.

3004 3976 55 25 Style
3068 3974 38 19 and
3118 3971 33 20 Fit
3160 3972 35 18 not
3205 3974 21 16 t>

2994 4005 22 17 be
3026 3998 93 28 equalled
3135 4004 19 12 in
3171 3999 53 17 town

2992 4038 108 20 Adubess:
3117 4033 109 19 ArawaSfc.

3062 4062 98 18 Kotorua.
