3300 4320
1224 112 58 19 THE
1296 111 58 20 HOT
1368 110 90 20 LAKES
1472 109 168 21 OHEONICLE
1652 107 191 24 WEDNESDAY,
1858 107 77 19 JUNE
1949 109 29 21 10,
1996 109 48 16 1890

2830 4091 80 18 Printed
2927 4092 38 19 and
2983 4093 101 24 published
3096 4095 26 23 by
3132 4095 21 18 F.
3164 4094 19 18 F.
3197 4092 28 18 WAI

2853 4115 21 17 at
2883 4115 32 17 the
2923 4116 106 23 registered
3043 4118 88 24 printing
3141 4119 54 17 office,

2853 4144 44 12 moa
2905 4139 65 22 street;
2981 4140 90 19 Eotorua.

2868 4178 173 22 WEDNESDAY,
3056 4180 69 20 3XJKE
3146 4180 23 20 L'O,
3185 4178 39 20 1896,

183 206 719 54 WmmmSmmfflmm

212 345 45 19 One
272 345 22 19 of
312 344 33 20 the
355 342 115 20 necessities
480 341 21 19 of
511 341 34 19 the
555 341 80 25 coining
645 341 75 19 Season
731 340 40 19 will
781 340 24 19 be

70 403 23 22 A
132 402 112 23 COOL
285 400 96 24 AND
421 397 330 24 EEFEESHING
790 396 161 23 DRINK

96 456 139 21 Untinctured
246 456 24 24 by
280 461 37 16 any
328 452 126 20 Deleterious
470 451 101 20 Chemical
581 451 137 26 Compounds.
746 450 19 18 A
774 449 58 19 drink
843 450 22 18 at
875 455 50 13 once

289 507 180 28 Exhilarating
469 505 2 30 1
492 506 52 23 and
561 505 164 28 Refreshing,

71 565 37 19 and
121 563 62 20 which
201 562 36 19 Hi]
247 568 63 20 prove
319 568 13 13 a
341 560 118 25 preventive
468 560 23 19 of
498 560 116 25 Dyspepsia
632 559 36 19 and
687 559 26 19 r.ll
732 557 89 19 Internal
842 557 109 20 Disorders

97 589 84 20 Aerated
194 589 83 18 Waters
289 588 38 18 and
338 588 97 21 Cordials,
455 586 121 26 comprising
592 586 34 18 the
635 585 74 19 Purest
719 584 120 23 Lemonade,
857 583 37 21 the
903 583 48 21 Mob

234 614 81 25 ;eriile,
329 613 174 25 Highly-charged
522 613 53 18 Soda.
586 612 77 22 Water,

70 731 9 12 a
89 731 41 12 new
140 722 149 26 Invigorating,
301 722 145 20 non-alcoholic
458 722 21 19 B.
487 727 71 19 vorage
569 718 3 30 ;
588 721 56 19 Lime
652 719 59 19 Juice
729 718 86 24 Cordial,
827 718 125 26 Ruspherry,

70 750 136 26 Peppermint,
218 749 78 23 Cloves,
308 749 50 19 Pine
368 748 70 25 Apple,
451 747 39 19 and
501 747 75 19 Lt-mon
586 747 77 24 Syrups
673 746 37 18 and
731 744 134 26 Sarsaparilla
881 752 34 12 are
926 745 26 18 all

338 774 151 20 manulactured
500 780 25 12 on
534 773 35 19 the
578 771 101 26 premises.

257 801 117 19 Lemonade
382 800 39 19 and
432 800 76 24 Ginger
517 799 44 22 Ale,
573 801 70 22 quarts
654 797 39 19 and
700 797 61 25 pints.

70 1266 129 23 DURING
214 1266 45 23 the
270 1265 91 24 month
371 1265 27 23 of
404 1265 67 23 June
482 1265 44 23 the
541 1263 174 29 undersigned
725 1262 56 23 will
797 1261 98 23 submit
906 1261 46 22 the

71 1310 83 23 whole
168 1309 27 23 of
206 1309 42 22 his
258 1309 73 29 large
345 1309 50 22 and
407 1306 189 25 well-assorted
612 1305 79 23 Stock
705 1305 28 23 of

199 1397 281 19 IFJOIN7V^ONG6F?V,

454 1435 216 16 FURNITURE

587 1473 24 16 St
623 1472 179 16 CENSRKL
825 1471 128 17 COODS,

226 1519 44 23 AT
294 1517 275 25 PHENOMENALLY
583 1517 73 23 LOW
670 1516 122 24 PRICES.

136 1609 55 25 NO
217 1608 275 26 REASONABLE
520 1607 138 26 OFFER
681 1605 203 27 REFUSED.

285 1698 91 40 ZE3I.
405 1697 421 46 TATLOH;,

148 1759 144 19 GENERAL
306 1759 189 19 COMMISSION
508 1759 64 18 AND
588 1757 169 20 IMPORTING
769 1757 111 20 AGENT.

452 1964 117 26 FROM

452 2034 215 23 •OVJULVAXY

350 2205 155 30 nmaira

373 2307 154 45 Locks

329 2423 202 45 ieapots

532 2135 174 45 Cruets

528 2249 187 50 Spoons

772 2191 183 45 Knives

766 2420 191 44 Churns

106 2495 98 24 Lawn
230 2493 142 31 Mowers,
396 2493 93 32 Hoes,
513 2493 119 31 Rakes,
660 2493 127 32 Spades,
812 2493 113 31 Forks,

185 2544 54 24 AT
253 2542 196 28 GREATLY
468 2542 200 27 REDUCED
688 2542 160 26 PRICES.

97 2678 79 23 (Fourth
186 2679 47 21 shop
241 2679 49 16 from
303 2678 97 22 Wellcsley
414 2677 76 23 Street.)
546 2678 46 18 304
605 2678 20 18 &
638 2678 46 18 306
697 2678 104 22 QUEEN
815 2678 119 19 STREET.

78 2794 254 58 GE^£

226 2885 216 48 :'oi3atiiie
464 2885 160 48 Hotel,
658 2885 139 47 Waif

270 2951 34 19 yix
316 2950 56 20 miles
381 2951 52 17 from
444 2949 55 20 Lake
509 2949 70 27 Taupo
591 2951 100 24 (liotoiua
701 2951 58 25 side.)

249 3008 179 26 SUPERIOR
449 3008 333 27 ACCOMMODATION.

273 3065 51 16 ALL
336 3065 51 16 THE
401 3064 133 19 COMPORTS
547 3064 32 19 OP
591 3066 16 16 A
621 3066 75 17 HOME
709 3065 50 18 FOR

319 3099 145 19 TOURISTS
481 3100 65 18 AND
558 3100 155 20 INVALIDS.

75 3177 65 25 Hot
163 3177 188 31 Swimming
372 3177 110 30 Baths,
507 3177 185 27 Kiri-o-Kai
713 3186 34 18 or
774 3180 79 26 New
877 3180 80 26 Skin

150 3218 93 31 Bath,
256 3218 65 25 Hot
333 3218 129 25 Douche
476 3219 110 31 Baths,
608 3220 109 26 Grand
739 3221 145 26 Climate.

192 3259 171 25 Elevation
383 3259 90 31 1,850
493 3259 63 26 feet
569 3261 101 26 above
684 3267 53 20 sea
749 3262 92 26 level.

79 3308 194 22 COMPETENT
289 3308 118 23 GUIDES
423 3314 122 20 accompany
560 3311 82 18 tourists
659 3312 21 18 to
696 3311 35 19 the
751 3311 81 20 various
854 3313 67 24 places
940 3313 20 19 of

206 3335 90 20 interest,
307 3334 63 20 which
382 3335 58 18 baffle
451 3335 34 18 the
496 3339 52 15 most
557 3336 60 19 facile
627 3343 46 18 pea,
684 3337 40 18 and
741 3344 37 12 can
797 3338 47 25 only
865 3339 24 18 be
906 3339 43 19 real-

206 3360 44 19 ized
261 3360 57 20 when
327 3366 52 14 seen.

231 3426 259 23 ;R*VHLL6Y
503 3427 92 19 contains
609 3428 35 19 the
663 3428 102 25 following
783 3429 125 25 unequalled
917 3429 43 21 Na-

157 3462 27 7 L>,.
190 3462 19 7 lti
231 3451 89 20 wonders
342 3451 3 29 :
348 3452 149 23 —Tuhuatahi,
519 3459 22 12 or
564 3453 62 19 Great
649 3454 132 25 Champagne
798 3455 114 25 Cauldron;
926 3457 35 18 the

157 3477 62 18 Groat
229 3476 105 20 Wairakei
343 3476 76 26 Geyser
428 3476 3 30 ;
444 3478 34 19 the
489 3478 85 26 Donkey
586 3479 91 25 Engine;
691 3480 34 19 the
736 3480 53 19 Bath
800 3481 20 18 of
831 3481 34 19 the
875 3481 85 25 Fairies;

155 3502 34 19 the
209 3503 113 24 Lightning
339 3503 61 23 Pool;
414 3504 35 19 the
465 3504 88 19 Cascade
571 3504 80 24 Geyser,
670 3513 21 11 or
710 3506 101 24 Dragon's
828 3507 85 25 Mouth;
927 3509 34 18 tho

155 3528 63 20 Black
229 3528 88 25 Geyser;
334 3530 33 18 the
379 3529 51 19 Mud
442 3530 87 23 Geyser;
545 3530 41 26 tho,
598 3530 51 19 Blue
667 3531 68 24 Lake;
746 3532 34 19 the
797 3533 32 18 Oil
847 3533 66 24 Bath;
927 3535 34 18 tho

155 3554 82 25 Eagle's
247 3555 61 23 Nest;
321 3555 34 19 the
363 3555 76 19 Devil's
446 3556 72 18 Punch
525 3556 58 19 Bowl
592 3564 5 15 ;
611 3557 34 18 the
654 3557 71 20 Prince
734 3559 20 17 of
765 3558 74 19 Wales'
849 3560 98 19 Feathers
957 3554 3 30 ;

156 3579 34 20 the
209 3580 87 24 Mirror;
311 3581 33 19 the
364 3581 55 19 Twin
441 3582 87 24 Geyser:
543 3582 35 19 the
595 3582 58 20 Coral
672 3584 87 24 Geyser:
774 3584 34 19 tho
818 3585 66 18 Green
899 3586 61 24 Pool;

159 3605 126 21 Terekerehe
296 3613 22 13 or
337 3607 47 18 Hell
404 3608 87 23 Geyser;
513 3608 35 19 the
568 3607 68 21 Steam
638 3608 7 9 I
645 3605 115 26 'Hammer.
788 3610 84 20 Guide's
891 3612 32 19 fee
942 3615 20 16 to

158 3631 74 24 Geyser
242 3632 78 25 Valley,
332 3639 22 12 os
362 3631 4 27 ;
381 3632 89 21 distance
479 3634 53 19 from
540 3634 35 19 the
590 3635 60 23 hotel,
665 3638 5 15 1
684 3636 52 18 mile.

83 3689 97 23 TH6
203 3692 27 19 '.-

158 3715 75 26 Kapida
249 3725 18 10 m
277 3725 34 12 iiie
320 3725 101 12 oouiuern
431 3725 147 19 xiemispnere;
593 3725 74 19 lulling
683 3727 20 10 m
720 3727 31 12 six
769 3725 83 16 distinct
869 3725 93 17 cascades

160 3744 93 24 amongst
262 3743 61 19 weird
334 3744 39 19 and
382 3744 79 26 rugged
479 3751 82 18 scenery
588 3745 96 19 Distance
702 3746 51 19 from
773 3746 34 20 the
823 3746 63 26 hotel,
906 3749 57 19 threo

159 3768 64 18 miles.
251 3768 71 20 Saddle
333 3770 68 18 horses
411 3774 20 15 to
440 3770 48 19 visit
501 3771 35 18 tho
550 3770 80 26 Bapids
644 3772 22 18 7s
676 3772 26 18 Gd
712 3773 53 18 each.

84 3828 229 22 KGRKFiTI
330 3835 22 12 or
360 3828 35 20 the
404 3828 78 21 Devil's
491 3829 98 27 Trumpet
608 3830 17 19 is
643 3831 42 19 said
705 3833 20 17 to
745 3831 48 20 emit
812 3838 11 12 a
839 3838 94 19 pressuro
943 3835 21 18 of

164 3852 67 19 LBolbs
242 3854 21 18 of
273 3857 62 16 steam
346 3856 20 17 to
374 3855 36 19 the
419 3855 52 23 inch,
485 3856 51 18 from
547 3862 25 12 an
591 3859 93 23 aperture
694 3857 21 19 of
733 3857 62 19 about
814 3859 72 18 twelve
895 3859 69 19 inches

160 3879 21 19 in
192 3878 45 20 dian
260 3881 35 17 ter.
324 3880 94 20 Distance
437 3881 51 19 fr.-m
510 3882 54 18 hotel
584 3883 56 18 three
660 3883 39 19 and
720 3889 11 13 a
750 3883 43 19 half
811 3878 69 30 miles;
894 3885 70 19 saddle

158 3905 70 19 horses
241 3908 17 15 to
270 3905 44 18 visit
324 3906 33 18 tho
367 3906 68 23 above,
447 3909 21 16 '2s
479 3908 24 18 Gd
515 3908 56 19 each.

85 3965 98 23 THG
228 3965 116 22 iUKH
362 3965 162 27 FRLLS,
541 3966 35 20 the
594 3967 100 19 Grandest
711 3968 55 19 Falls
776 3969 20 18 in
814 3969 36 19 the
868 3970 96 19 southern

161 3990 136 26 hemisphere.
326 3991 41 18 The
378 3990 55 19 Palis
442 3999 44 17 may
500 3993 23 19 bo
534 3993 73 18 visited
617 4000 25 12 on
651 3993 34 20 the
698 4000 54 13 same
771 3995 115 25 expedition
897 4002 22 14 as
930 3996 34 21 the

160 4017 23 18 Ili
195 4016 45 20 yil'a
251 4016 9 18 'J
269 4018 85 23 rumpet.
383 4016 94 20 Distance
487 4019 52 19 from
550 4019 55 19 hotel
616 4019 56 19 three
683 4020 39 19 and
732 4027 13 11 a
760 4021 44 19 half
812 4021 57 20 miles
877 4016 4 30 ;
894 4023 70 19 saddle

158 4045 60 17 horse
228 4048 23 13 or
260 4042 71 26 huggy
341 4044 22 17 '2s
373 4042 25 19 Cd
412 4043 56 19 each.

546 4104 51 52 !„
633 4106 329 55 Proprietress.

1352 329 136 34 FHE

979 690 238 56 Published
1242 702 141 42 every
1402 685 283 56 Wednesday
1702 683 137 46 After-

1355 756 133 37 noon,

1181 926 115 40 RATES
1322 925 42 41 OF
1390 924 278 41 SUBSCRIPTION:

1137 998 63 18 PAID
1212 998 31 18 IN
1256 997 128 18 ADVANCE.
1576 995 101 18 BOOKEI

1162 1030 45 22 Six
1217 1029 108 23 Months
1336 1030 28 22 5s
1374 1036 5 20 ;
1619 1028 37 23 6s.

1160 1056 53 22 One
1231 1056 67 22 Year
1308 1055 44 23 10s
1363 1062 5 20 ;
1606 1054 50 23 12s.

1155 1176 337 33 ADYERTISING
1512 1175 178 32 BATHS:

1003 1233 65 19 Throe
1080 1233 99 25 Shillings
1189 1239 37 19 per
1235 1232 47 19 inch
1289 1238 36 18 per
1335 1232 59 22 issue,
1404 1238 27 18 up
1440 1233 20 17 to
1468 1233 10 16 3
1488 1231 116 19 insertions.
1621 1231 129 25 Subsequent
1757 1230 115 19 Insertions

977 1260 44 18 half
1030 1264 60 14 rates.
1122 1259 80 25 Special
1211 1261 62 16 terms
1285 1259 32 18 for
1327 1258 70 25 longer
1410 1258 87 24 periods.

1002 1315 179 17 Announcements
1190 1312 21 19 of
1224 1311 70 19 Births
1304 1311 40 18 and
1355 1310 78 19 Donths
1443 1317 34 12 are
1488 1310 89 24 charged
1593 1312 22 16 2s
1631 1310 56 23 each,
1706 1312 36 17 not.
1760 1310 112 24 exceeding

977 1342 23 18 30
1012 1339 70 19 words.
1111 1339 103 23 Marriage
1226 1339 170 17 announcements
1413 1339 27 16 3s.
1468 1336 209 23 NOTE.—These
1692 1336 112 28 charges
1827 1343 44 15 are

977 1367 39 23 for
1026 1365 177 30 Prepayment
1213 1363 74 30 Only-

1084 1513 242 47 JOBBIM
1360 1513 400 48 DEPJIRTJVIE.NT.

980 1602 156 32 Invoices,

1030 1643 173 31 Billlieads,

1079 1685 103 25 Memo
1197 1685 122 31 Forms,

1131 1726 82 26 Bills
1228 1725 33 26 of
1270 1726 90 29 Fare,

1181 1767 155 26 Business
1360 1768 109 31 Cards,

1393 1809 108 31 Cards,

1313 1850 96 25 Menu
1427 1851 111 31 Cards,

1366 1891 152 33 Luggage
1531 1892 125 32 Labels,

1409 1933 74 26 Ball
1502 1934 237 31 Programmes,

1463 1978 173 31 Circulars,

1535 2020 139 29 Posters,

1586 2060 182 32 Handbills,

1678 2102 198 33 Pamphlets,

1148 2143 66 32 &c,
1316 2143 66 32 &c,
1484 2143 67 32 &c,
1655 2143 57 26 &c.

1042 2225 122 47 Done
1200 2232 51 40 at
1288 2227 80 53 tfee
1390 2226 225 55 Shortest
1637 2227 181 47 <Motiee.

1231 2615 70 45 On
1326 2616 112 45 Sale
1470 2620 52 42 at
1559 2618 86 44 the

982 2820 65 18 Plain
1055 2820 46 18 and
1111 2820 80 23 Fancy
1200 2820 67 23 Note,
1283 2821 131 23 Envelopes
1423 2822 31 17 all
1462 2822 66 22 sizes,

982 2843 125 24 Mourning
1115 2844 75 23 Paper
1199 2844 47 18 and
1255 2844 136 23 Envelopes,
1406 2845 153 19 Commercial
1568 2846 141 24 Stationery,

983 2867 113 23 Foolscap
1106 2867 74 23 Paper
1189 2868 47 17 and
1245 2867 89 19 Official
1343 2868 137 23 Envelopes,

983 2890 115 23 Drawing,
1109 2890 114 22 Exercise,
1233 2891 178 18 Memorandum
1420 2891 45 19 and
1474 2892 111 19 Account
1594 2893 83 22 Books,

982 2913 107 23 Ledgers,
1101 2913 117 23 Journals,
1230 2914 49 23 Day
1289 2915 47 17 and
1345 2915 60 18 Cash
1413 2915 85 22 Books,

983 2936 79 18 Letter
1072 2937 82 22 Books,
1166 2937 107 23 Brushes,
1284 2938 83 18 Water
1376 2938 80 23 Wells,
1467 2938 47 23 &c,

982 2960 123 22 Stephen's
1114 2960 105 23 Writing
1228 2963 46 15 and.
1283 2961 105 23 Copying
1397 2961 63 23 Inks,

982 2982 105 24 Blotting
1096 2984 78 22 Paper,
1187 2984 111 18 Business
1307 2985 46 18 and
1362 2985 16 18 V
1383 2985 80 23 isiting
1474 2985 78 23 Cards,

982 3006 55 18 Blue
1047 3006 96 23 Pencils,
1155 3006 62 19 Lead
1227 3007 46 18 and
1282 3008 64 18 Slate
1355 3008 97 23 Pencils,
1463 3009 47 18 and
1520 3009 82 22 Slates,

982 3029 108 24 Marking
1099 3030 49 21 Ink,
1160 3030 66 18 India
1235 3030 93 20 Rubber
1338 3031 82 23 Bands,
1432 3032 61 18 Gum
1502 3032 46 18 and
1558 3033 116 18 Gummed
1682 3034 82 23 Paper,

982 3053 102 18 Indexed
1094 3053 67 22 Files,
1175 3053 46 18 and
1232 3054 73 22 Paper
1314 3055 67 23 Clips,

982 3076 133 22 Inkstands,
1126 3076 47 19 and
1182 3077 97 19 Bottles.

1016 3177 21 24 A
1057 3177 139 26 CHOICE
1213 3178 208 26 SELECTION
1441 3179 46 25 OF
1505 3179 186 27 BIRTHDAY
1711 3180 131 26 CARDS.

986 3325 345 60 NEWS
1396 3327 476 62 AGENCY.

1046 3431 193 57 English
1266 3432 204 56 Foreign,
1501 3434 89 45 and
1616 3434 201 48 Colonial

1137 3498 180 55 Papers,
1340 3498 281 56 Magazines,
1645 3500 86 47 &e.

988 3573 185 42 SYDNEY
1213 3575 235 43 BULLETIN
1489 3579 31 39 &
1559 3580 318 43 CANTERBURY

1236 3633 145 41 TIMES
1409 3634 61 40 ON
1501 3636 129 40 SALE.

987 3923 191 59 Jlgeney
1203 3928 76 46 for
1299 3930 217 49 Martin's
1543 3934 168 54 Photos
1732 3935 57 47 of
1799 3938 81 55 tfye

1333 3987 209 48 District.

1918 296 342 60 Hydropathic
2303 295 162 51 Hotel,
2516 294 236 45 Rotorua.

2175 378 224 36 ESTABLISHED
2422 378 77 32 1881.

1888 442 73 19 Under
1975 441 36 19 the
2020 441 112 25 patronage
2143 439 21 19 of
2175 439 33 19 Sir
2218 439 36 19 W.
2274 437 88 25 Jervoie,
2378 437 49 19 lls.r\
2444 437 40 19 and
2502 436 104 20 Countess
2624 435 22 19 oE
2666 435 120 26 Hopctotm,

2060 466 35 19 the
2107 466 55 19 ilor..
2173 465 90 19 Premier
2274 465 38 19 and
2328 464 104 19 Members
2448 463 22 21 of
2481 463 132 20 Parliament.

1915 572 44 20 The
1969 572 63 19 Hotel
2045 572 15 18 is
2071 568 90 23 BituateVl
2171 576 26 12 on
2208 576 26 12 nn
2244 569 93 19 elevated
2348 568 88 25 position
2447 575 26 12 on
2484 568 35 20 the
2529 568 71 20 shores
2616 567 22 20 of
2653 567 56 19 Lake
2724 566 52 19 Eoto-

1891 606 43 17 rua,
1945 599 122 19 convenient
2077 601 21 15 to
2109 597 27 19 all
2147 597 34 19 ihc
2193 596 65 25 eights
2268 597 20 18 in
2299 595 36 20 the
2344 593 89 21 district.

1963 650 112 30 Sulphur
2089 649 53 24 and
2154 648 114 24 Mineral
2282 647 83 24 Baths
2380 647 20 19 in
2411 647 36 19 the
2458 647 98 19 Grounds
2568 647 21 19 of
2600 646 36 20 the
2645 646 72 20 Hotel.

2023 756 20 18 A
2060 754 108 20 reduction
2185 754 16 19 is
2220 753 58 20 made
2294 756 22 16 to
2327 751 76 27 weekly
2415 759 22 12 or
2448 752 91 26 monthly
2550 752 107 19 boarders.

1893 808 69 20 Guide
1973 807 67 20 Books
2051 807 38 19 and
2100 806 136 20 information
2248 806 62 23 gratis
2321 807 22 18 at
2353 805 55 19 Cook
2425 804 38 20 and
2483 804 57 21 Sons'
2558 805 52 25 (sole
2725 803 67 20 offices

2207 832 128 22 throughout
2345 832 35 19 the
2391 831 86 23 Colony.

1929 1063 277 66 Nonce
2240 1060 517 68 ToroarosTS.

1928 1154 65 26 The
2012 1153 218 32 undersigned
2251 1159 54 19 are
2323 1158 74 19 now
2413 1150 142 33 running
2570 1151 143 32 Buggies
2730 1150 64 26 and

1896 1187 141 26 Coaches
2058 1188 33 24 to
2112 1187 54 24 the
2180 1185 167 31 following
2359 1185 109 32 places
2481 1184 35 26 of
2529 1185 137 25 interest
2685 1183 34 26 in
2740 1183 54 26 the

1895 1220 242 32 neighborhood
2155 1223 33 22 at
2206 1219 130 32 greatly
2360 1218 139 25 reduced
2523 1220 95 24 rates.
2668 1216 126 33 Special

1895 1253 184 26 reductions
2087 1253 50 26 for
2149 1253 92 31 large
2249 1252 128 32 parties.

1895 1293 332 23 WHAKAREWARBWA;
2263 1292 167 20 WAIRAKEI
2452 1291 21 19 &
2493 1292 104 19 TATJPO
2605 1291 4 25 ;
2635 1291 159 25 TIKITERE;

2035 1317 147 19 TIKITEEE
2195 1317 21 18 &
2230 1316 105 19 OKERE
2349 1315 110 23 PALLS;
2474 1315 177 20 WAIOTAPU.

1908 1366 94 27 Special
2013 1368 172 24 Conveyances
2196 1365 46 20 and
2254 1364 87 20 Saddle
2354 1364 83 20 Horses
2449 1367 22 16 to
2482 1364 28 19 all
2522 1368 62 23 parts
2601 1365 22 18 of
2636 1364 40 19 the
2693 1364 87 19 district

2224 1396 22 15 at
2258 1392 117 23 Moderate
2387 1392 79 23 Rates.

1942 1442 48 18 Bus
1995 1441 79 18 leaves
2081 1441 64 18 Lake
2152 1441 87 21 House,
2248 1440 85 23 calling
2340 1441 25 17 at
2371 1439 32 19 all
2409 1439 84 19 Hotels
2500 1439 46 18 and
2553 1439 118 24 Boarding'
2677 1439 95 18 Houses

1919 1465 36 18 for
1963 1465 227 21 Whakarewarewa,
2201 1464 69 18 twice
2279 1464 118 22 forenoon,
2408 1463 69 18 twice
2486 1463 131 19 afternoon.

1911 1645 130 26 BOOKING
2055 1644 106 26 OFFICE
2173 1644 61 26 AND
2248 1643 135 27 STABLES
2397 1643 148 26 OPPOSITE
2556 1643 102 26 GRAND
2675 1642 105 27 HOTEL.

2054 2488 35 20 ERY
2094 2486 46 23 OLD
2149 2486 72 23 SPECIAL
2232 2486 9 21 L

1912 2552 47 28 m

2338 2549 89 29 mm

2551 2545 21 23 d
2596 2537 163 32 MELLOW

2740 2544 34 34 *!

2270 2646 193 24 .vs-^.TTfSS;;

2266 2751 208 45 Proprietors:-
2543 2748 19 37 %

2204 2800 70 57 %
2296 2800 286 65 DISTILLERS
2617 2803 51 61 0
2698 2803 52 67 lp

2204 2878 67 35 --7
2294 2878 22 35 i
2339 2878 157 35 £D/mW/,
2518 2878 145 31 SCffIAM

2450 2947 302 32 .A-Q-lEIfcTTS

2289 3013 206 56 THAN

2410 3154 136 42 HORACE
2569 3156 181 41 STEWART.

2362 3218 108 21 SADDLE,
2485 3220 126 21 HARNESS,
2626 3220 55 17 AND
2698 3221 103 18 COLLAR

2532 3252 101 21 MAKER,

2405 3286 183 24 FENTON-3T.,
2604 3288 153 20 ROTORUA.

1946 3143 30 41 A,
2004 3143 71 41 AND
2101 3143 32 43 C,
2162 3144 127 49 BROOK,

1901 3211 78 15 nWI
1996 3211 70 15 AJUjL>
2083 3213 84 15 JiAiOXi
2188 3213 148 21 ATiwa.ikii<i^^s

1958 3244 88 20 Fenton
2062 3245 90 25 Street,
2176 3246 108 20 Kotortja.

1901 3285 44 18 And
1969 3287 22 17 at
2021 3285 82 20 Parnell
2127 3286 40 20 and
2197 3287 138 20 Newmarket.

2002 3355 40 18 am!
2053 3355 68 20 varied
2139 3357 63 19 Strek
2214 3356 21 19 of
2245 3356 91 25 English,

1901 3380 87 25 Foreign
2000 3382 39 18 and
2051 3382 92 20 Colonial
2154 3383 63 19 Boots
2228 3385 37 17 and
2275 3384 63 18 bhofcx

1962 3409 21 17 to
1995 3407 72 21 choose
2079 3410 51 18 from
2141 3411 23 17 at
2175 3409 35 19 the
2221 3412 51 16 most

1937 3444 217 34 REASONABLE
2176 3447 127 31 PRICES,

1993 3486 93 21 FKESH
2105 3487 89 21 BTOOK
2208 3489 36 19 OF

1901 3520 170 25 FOOTBALL
2086 3522 100 24 BOOTS
2197 3524 42 24 just
2253 3524 85 18 arrive,!

1903 3561 33 19 All
1952 3569 18 11 01
1977 3562 46 19 ilc\s
2039 3562 40 19 and
2096 3564 77 25 repairs
2190 3564 148 24 expeditiously

2067 3590 104 19 ex'-cuted.

1901 3621 24 19 3.
1940 3621 24 19 E.
1978 3621 149 24 B'ORDYCE,
2154 3633 8 4 -
2187 3633 8 4 -
2220 3623 118 24 Manager.

1961 3699 39 42 W.
2028 3699 31 41 A.
2092 3699 189 44 WILLIAMS'
2313 3699 4 49 .

1905 3772 223 23 PIONEER
2172 3775 168 26 STORE,

1983 3819 102 25 Opposite
2101 3819 73 20 Paiace
2192 3820 68 21 Hotel.

1904 3870 138 25 GROCERY,

1945 3902 138 19 OILMEN'S
2099 3903 112 24 STORTS,

1985 3933 223 24 IRONMONGERY,

2037 3963 256 26 CROCKERYWARE,

2093 3999 142 26 DRAPERY,
2253 4002 43 23 &c,
2307 4002 34 19 &e-

1934 4032 13 14 A
1967 4028 149 21 well-assorted
2134 4031 58 19 stock
2210 4032 20 19 in
2248 4032 26 19 all
2290 4032 51 20 lines

1905 4054 22 19 of
1938 4055 33 18 the
1980 4055 62 19 above
2052 4059 21 15 at
2084 4056 71 20 lowest
2167 4064 72 16 prices.

1906 4089 49 19 Now
1967 4090 86 19 Zealand
2067 4091 61 25 Dairy
2137 4092 149 20 Association's
2293 4093 36 20 Fac-

1941 4117 47 23 tory
1999 4117 75 19 Butter
2084 4117 56 21 fresb
2152 4118 57 21 twice
2220 4120 83 25 weekly.

1981 4160 51 20 New
2042 4160 52 20 Laid
2105 4161 60 24 Eggs,
2178 4162 42 23 &c,
2232 4163 34 20 &o.

2364 3354 103 24 Saddles,
2485 3355 95 25 Bridles,
2597 3357 94 23 Collars,
2707 3358 93 23 Chains,

2386 3386 57 24 Bits,
2451 3388 80 22 Spurs,
2540 3389 106 18 Harness
2659 3390 67 23 Soap,
2736 3390 40 19 &c.

2386 3447 119 22 Coaclialine,
2515 3455 11 12 a
2545 3450 115 23 waterproof
2674 3451 127 23 preservative

2364 3471 28 18 for
2401 3471 27 18 all
2434 3471 57 19 lands
2500 3473 20 17 of
2533 3473 77 18 leather.

2386 3503 87 20 Axleine,
2491 3510 11 12 a
2516 3505 73 22 perfect
2605 3505 95 18 lubricant
2715 3507 31 16 for
2759 3513 32 11 car-

2364 3526 66 23 riages,
2442 3532 97 19 waggons,
2550 3529 32 17 <£c.

2387 3557 72 19 Collars
2469 3558 54 18 made
2537 3562 20 15 to
2571 3565 85 13 measure
2670 3567 24 11 on
2711 3561 33 17 the
2757 3567 33 17 pro-

2364 3581 54 17 mises
2427 3588 11 10 a
2448 3582 103 24 speciality.
2590 3583 125 23 Lengthened
2726 3586 65 21 experi-

2364 3609 44 12 ence
2415 3605 21 16 in
2445 3605 25 17 all
2480 3605 67 19 classes
2557 3607 20 16 of
2582 3607 95 17 Saddler's
2685 3607 61 18 work.
2770 3609 31 17 All

2364 3628 64 17 orders
2437 3629 98 23 promptly
2545 3629 90 18 attended
2649 3631 25 17 to.

2366 3720 119 33 UNITED
2507 3721 188 34 INSURANCE
2716 3723 84 39 COY.,

2427 3828 152 29 CAPITAL,
2596 3830 144 29 £500,000.

2467 3897 54 21 risks
2530 3899 20 19 of
2558 3900 26 18 all
2593 3901 74 19 classes
2676 3902 126 20 undertaken

2436 3927 21 16 at
2469 3924 69 22 lowost
2547 3930 82 16 current
2639 3930 61 16 rates.

2366 3958 77 20 Claims
2451 3960 72 19 settled
2534 3962 103 25 promptly
2647 3963 40 18 and
2701 3963 101 27 liberally.

2377 4007 48 19 New
2435 4009 82 18 Zealand
2528 4010 56 19 Head
2594 4011 63 21 Ofiiee,
2667 4013 125 23 Wellington.

2401 4035 90 19 Resident
2501 4037 47 22 Sec,
2559 4033 66 24 James
2636 4040 17 16 S.
2667 4040 101 19 Jajikson.

2492 4071 101 20 Auckland
2603 4073 61 24 Agenl
2674 4071 3 26 :

2429 4098 22 18 A.
2465 4098 110 23 Heathen,
2586 4101 78 18 Custom
2672 4103 68 17 Street.

2500 4136 86 20 Rotorua
2595 4136 74 24 Agent:

2413 4167 22 19 V.
2450 4169 20 18 F.
2481 4170 68 20 Watt,
2564 4171 118 19 Ciikoxicle
2693 4174 64 16 Oflino.

2808 155 233 43 HINEMOA
3071 155 163 45 STORE.

2826 253 28 15 IT
2887 251 80 19 tention
2977 252 21 17 to
3005 250 36 19 the
3050 249 106 27 following
3163 251 49 20 linos
3221 256 17 18 of

2810 281 171 44 €!&!§?
2985 282 91 40 MM,
3090 281 149 46 'S#6BS

2809 330 103 26 Bycroi't's
2923 330 111 19 Snowdrift
3045 328 52 21 N.Z-
3106 330 62 19 Flour

2810 357 104 23 Sultanas,
2925 356 101 20 Muscatel
3035 356 41 19 and
3084 355 98 21 Valencia
3195 358 43 21 Rai«

2863 383 48 20 sins,
2924 382 39 19 and
2973 382 99 20 Currants

2810 410 51 24 Figs
2868 409 41 19 and
2920 408 112 20 Preserved
3043 408 84 25 Ginger,
3138 408 67 25 Spices

2810 436 77 19 Lemon
2899 435 39 19 and
2949 433 82 27 Orange
3042 435 49 18 Pool

2866 461 71 19 White
2948 461 114 23 Siigfli-—A
3078 459 115 26 Speciality.

2812 488 51 19 New
2874 486 92 20 Zealand
2973 487 65 24 Dairy
3044 486 145 20 Association's
3196 489 33 19 But-

2918 516 36 16 ter.

2838 539 61 19 TEA.
2959 538 114 20 COFFEE.
3129 538 89 22 COCOA.

2812 588 90 20 General
2915 588 128 19 Assortment
3060 588 21 19 of
3100 588 141 27 Storekeeper's

2993 614 75 19 Goods.

2874 650 315 59 HIMEMOTSTORE.

2815 734 46 41 TO
2877 734 24 41 &
2918 734 94 41 FROM
3033 733 69 42 THE
3130 734 112 46 BATHS,

2817 828 153 47 CLIRSS
2986 835 50 12 runs
3055 835 12 12 a
3083 831 115 23 wagonette
3215 831 19 21 be-

2862 865 9 9 a
2901 858 66 15 twecn
2981 856 36 17 the
3034 856 39 18 Old
3088 856 110 26 Township
3212 860 31 19 and

2815 882 36 19 the
2861 882 66 18 Baths
2937 882 127 18 throughout
3074 882 35 19 the
3120 882 46 22 day.

2816 944 50 19 Also
2889 944 202 23 Whakarewarewa,
3116 944 75 20 Sodom
3212 948 31 19 and

2854 970 114 20 Gomonah
2978 971 41 18 and
3029 971 59 18 oilier
3097 971 68 24 sights
3172 977 45 14 near

2982 997 108 19 thotown.

2918 1047 80 24 Fares
3014 1049 141 23 Moderate.

2914 1104 44 44 S.
3007 1104 27 44 C

3034 1105 7 19 1
3062 1104 16 18 O
3097 1105 18 17 R
3133 1105 17 17 L
3167 1105 16 17 E
3201 1107 13 17 T
3228 1108 14 19 T,

2925 1161 194 20 AECHITBC
3129 1161 20 24 T,

2899 1196 98 25 Building
3012 1197 109 25 Surveyor,
3141 1197 35 19 &c.

2911 1234 32 19 for
2962 1233 36 21 the
3021 1234 99 20 National
3146 1235 45 19 Fire
3213 1237 30 19 and

2913 1261 80 18 Marine
3000 1261 116 19 Insurance
3127 1261 36 19 Co.

2886 1318 115 21 OKOI
3017 1321 17 18 A

3134 1320 111 23 7IH

2819 1404 247 33 BOARDING
3085 1405 160 35 HOUSE,

2820 1464 112 28 Opposite
2948 1465 39 19 the
3004 1466 54 18 Post
3069 1466 47 19 and
3128 1468 118 25 Telegraph

2999 1492 79 20 Office.

2821 1523 44 19 And
2887 1530 48 11 Tipnr
2956 1523 35 20 the
3011 1523 121 21 Celebrated
3158 1524 88 23 PRIEST

2861 1549 116 21 RACHEL
2995 1550 38 20 and
3048 1550 57 20 ether
3116 1551 96 25 BATHS,

2965 1574 146 23 ROTORUA.

2819 1628 112 28 TERMS:
2941 1629 43 18 25s
2991 1634 42 18 per
3040 1628 72 24 week,
3123 1630 28 19 4s
3158 1635 40 18 per
3204 1632 42 24 day,

2852 1661 115 40 MRS
3013 1661 206 46 YOUNG,

2954 1711 174 19 Pnoi'uriOTTiKss.

2820 1780 153 47 Rotor
2976 1794 64 33 tta
3059 1781 186 59 Bakery

2870 2062 87 24 Bread
2970 2064 135 24 delivered
3122 2065 78 29 daily.

2871 2131 156 21 GHOCEBIE;

3016 2169 147 21 DRAPERY,

2816 2234 126 19 GENERAL
2948 2234 45 21 ST<)
2998 2237 11 16 H
3015 2234 104 21 EKEEPE
3124 2236 34 19 R'S
3166 2237 79 18 GOODS',

2835 2287 42 46 <J.
2909 2287 48 48 R.

2952 2359 168 23 SOLICITOE,

2840 2395 29 21 20,
2881 2394 219 24 SnOBTIAND-STKEET,
3110 2397 117 18 AtTCKLAXD.

2820 2515 212 47 Rotorua
3060 2517 185 56 Library

2818 2613 104 47 OPEN
2933 2615 54 19 from
3000 2617 23 17 10
3034 2622 48 13 a.m.
3093 2618 21 18 to
3126 2618 10 18 5
3148 2623 46 19 p.m.
3214 2617 30 19 and

2879 2642 45 17 6.30
2935 2644 21 16 to
2967 2642 23 18 10
2997 2648 50 19 p.m.
3051 2642 97 27 Sundays
3153 2642 32 27 till
3193 2642 8 27 9
3209 2642 8 27 p
3223 2651 21 11 ia,

2837 2679 166 23 Subscription
3011 2679 4 23 :
3029 2681 42 18 20s
3081 2681 45 19 Per
3134 2682 96 18 Annum.

2843 2716 89 20 Visitors
2949 2724 48 19 may
3014 2724 86 19 procure
3116 2719 69 20 Books
3203 2720 41 18 from

2817 2743 36 19 tlio
2862 2743 88 25 Library
2961 2750 26 13 on
3006 2745 87 24 making
3109 2752 13 13 a
3141 2746 75 25 deposit
3230 2745 14 19 oi

2818 2773 35 15 not
2863 2769 40 19 less
2913 2770 50 19 than
2984 2776 29 18 os,
3032 2772 38 18 and
3089 2773 124 24 purchasing
3231 2773 13 17 la

2818 2803 79 17 coupon
2907 2796 33 19 for
2950 2803 61 19 every
3023 2797 54 19 Four
3086 2798 73 20 books.

2845 2830 44 18 The
2907 2830 87 25 Library
3018 2832 17 19 is
3055 2839 52 18 open
3130 2834 74 24 during
3219 2832 25 19 the

2819 2857 94 25 evening.

2821 2971 173 19 BARRISTER
3006 2973 67 19 AND
3091 2973 153 20 SOLICITOR.

2822 3003 146 18 Commissioner
2983 3005 21 17 of
3018 3006 31 16 the
3063 3005 93 24 Supreme
3169 3007 54 18 Court
3232 3004 14 18 of

3018 3029 44 22 Fiji.

2822 3058 88 17 Solicitor
2919 3060 20 16 to
2949 3059 33 18 the
2994 3060 47 17 N.Z.
3056 3060 129 19 Government
3199 3060 45 18 under

2889 3082 39 17 The
2936 3083 100 18 Advances
3044 3085 21 17 to
3071 3084 79 20 Settlers

2821 3112 100 19 Victoria
2929 3114 91 23 Arcade,
3031 3115 113 23 Queex-st,
3155 3114 91 20 Auckland.

2846 3144 71 24 Money
2925 3147 21 16 to
2953 3145 54 19 Lend
3016 3153 24 11 on
3049 3148 87 18 freehold
3151 3148 74 22 security
3232 3149 12 14 at

2822 3168 37 17 low
2875 3170 51 15 rates
2943 3170 19 16 of
2976 3170 84 18 interest.
3091 3171 72 23 Money
3175 3168 69 21 invested

2822 3191 30 17 for
2861 3190 66 20 clients
2936 3193 41 17 free
2984 3194 21 16 of
3013 3194 76 23 charge.

2874 3240 28 26 J.
2924 3241 50 26 W.
2998 3242 209 30 WRIGLEY,

2847 3281 382 24 ARCHITECT,

2954 3316 186 18 ROTORUK.

2851 3343 70 25 Agent
2929 3345 32 18 for
2978 3345 35 19 the
3030 3345 65 21 Soutli
3118 3347 76 20 British
3213 3346 32 18 Fire

2824 3370 41 18 and
2875 3370 80 20 Marine
2964 3371 113 21 Insurance
3088 3373 111 26 Company.

2888 3421 99 14 «rrri*.sia«sE
2987 3421 2 16 ,
2990 3423 126 14 HisßK!»frw..«i..i
3123 3421 3 16 ••
3167 3427 5 2 -

2888 3439 78 19 When
2975 3441 24 19 in
3008 3443 127 19 Auckland
3144 3443 54 19 visit

2900 3474 34 25 E.
2961 3474 224 30 SPENCER'S

2870 3515 152 25 GURIO

2904 3552 38 23 (On
2952 3552 66 19 Queen
3027 3553 62 19 Street
3102 3553 81 24 Wharf.)

2823 3595 9 53 I
2859 3591 41 19 For
2918 3592 27 20 all
2962 3593 62 19 kinds
3042 3594 21 19 of
3075 3595 51 19 Rew
3136 3592 85 21 Zealand

2894 3618 72 20 Curios
2986 3620 41 19 and
3045 3620 119 21 Greenstoni
3174 3627 13 12 s.

2828 3761 270 29 MONUMENTAL
3123 3760 120 30 MASON.

2878 3812 125 19 VICTOEIA
3022 3813 98 19 STEEET
3142 3813 62 21 EAST,

2936 3853 219 19 KUCKLKND.

2849 3888 87 19 Orders
2950 3890 26 19 in
2991 3891 97 24 Marble,
3108 3892 93 19 Granite
3212 3885 29 22 and

2825 3920 80 23 Stone,
2928 3923 120 23 promptly
3074 3925 47 18 and
3147 3918 94 24 faithfully

2826 3953 123 19 executed.

2875 3989 103 25 Designs
2987 3993 47 18 and
3042 3993 78 23 prices
3133 3993 45 19 free
3187 3996 25 14 on

2969 4024 154 23 application.
